,Ticker Symbol,Years,Period Ending, Total Revenue , Cost of Goods Sold ," Sales, General and Admin. ", Research and Development , Other Operating Items ,GICS Sector,GICS Sub Industry
0,AAL,Year 1,12/31/2012," $24,855,000,000 "," $10,499,000,000 "," $12,977,000,000 ", $-   ," $845,000,000 ",Industrials,Airlines
1,AAL,Year 2,12/31/2013," $26,743,000,000 "," $11,019,000,000 "," $12,913,000,000 ", $-   ," $853,000,000 ",Industrials,Airlines
2,AAL,Year 3,12/31/2014," $42,650,000,000 "," $15,620,000,000 "," $20,686,000,000 ", $-   ," $1,295,000,000 ",Industrials,Airlines
3,AAL,Year 4,12/31/2015," $40,990,000,000 "," $11,096,000,000 "," $21,275,000,000 ", $-   ," $1,364,000,000 ",Industrials,Airlines
4,AAP,Year 1,12/29/2012," $6,205,003,000 "," $3,106,967,000 "," $2,440,721,000 ", $-   , $-   ,Consumer Discretionary,Automotive Retail
5,AAP,Year 2,12/28/2013," $6,493,814,000 "," $3,241,668,000 "," $2,591,828,000 ", $-   , $-   ,Consumer Discretionary,Automotive Retail
6,AAP,Year 3,1/3/2015," $9,843,861,000 "," $5,390,248,000 "," $3,601,903,000 ", $-   , $-   ,Consumer Discretionary,Automotive Retail
7,AAP,Year 4,1/2/2016," $9,737,018,000 "," $5,314,246,000 "," $3,596,992,000 ", $-   , $-   ,Consumer Discretionary,Automotive Retail
8,AAPL,Year 1,9/28/2013," $170,910,000,000 "," $106,606,000,000 "," $10,830,000,000 "," $4,475,000,000 ", $-   ,Information Technology,Computer Hardware
9,AAPL,Year 2,9/27/2014," $182,795,000,000 "," $112,258,000,000 "," $11,993,000,000 "," $6,041,000,000 ", $-   ,Information Technology,Computer Hardware
10,AAPL,Year 3,9/26/2015," $233,715,000,000 "," $140,089,000,000 "," $14,329,000,000 "," $8,067,000,000 ", $-   ,Information Technology,Computer Hardware
11,AAPL,Year 4,9/24/2016," $215,639,000,000 "," $131,376,000,000 "," $14,194,000,000 "," $10,045,000,000 ", $-   ,Information Technology,Computer Hardware
12,ABBV,Year 1,12/31/2012," $18,380,000,000 "," $4,508,000,000 "," $4,989,000,000 "," $2,778,000,000 ", $-   ,Health Care,Pharmaceuticals
13,ABBV,Year 2,12/31/2013," $18,790,000,000 "," $4,581,000,000 "," $5,352,000,000 "," $2,855,000,000 ", $-   ,Health Care,Pharmaceuticals
14,ABBV,Year 3,12/31/2014," $19,960,000,000 "," $4,426,000,000 "," $8,474,000,000 "," $3,297,000,000 ", $-   ,Health Care,Pharmaceuticals
15,ABBV,Year 4,12/31/2015," $22,859,000,000 "," $4,500,000,000 "," $6,387,000,000 "," $4,285,000,000 ", $-   ,Health Care,Pharmaceuticals
16,ABC,Year 1,9/30/2013," $87,959,167,000 "," $85,451,348,000 "," $1,447,234,000 ", $-   ," $162,186,000 ",Health Care,Health Care Distributors
17,ABC,Year 2,9/30/2014," $119,569,127,000 "," $116,586,761,000 "," $2,011,595,000 ", $-   ," $188,680,000 ",Health Care,Health Care Distributors
18,ABC,Year 3,9/30/2015," $135,961,803,000 "," $132,432,490,000 "," $2,858,458,000 ", $-   ," $248,635,000 ",Health Care,Health Care Distributors
19,ABC,Year 4,9/30/2016," $146,849,686,000 "," $142,577,080,000 "," $2,382,097,000 ", $-   ," $364,735,000 ",Health Care,Health Care Distributors
20,ABT,Year 1,12/31/2012," $19,050,000,000 "," $8,899,000,000 "," $6,735,000,000 "," $1,461,000,000 "," $595,000,000 ",Health Care,Health Care Equipment
21,ABT,Year 2,12/31/2013," $19,657,000,000 "," $9,193,000,000 "," $6,372,000,000 "," $1,371,000,000 "," $588,000,000 ",Health Care,Health Care Equipment
22,ABT,Year 3,12/31/2014," $20,247,000,000 "," $9,218,000,000 "," $6,530,000,000 "," $1,345,000,000 "," $555,000,000 ",Health Care,Health Care Equipment
23,ABT,Year 4,12/31/2015," $20,405,000,000 "," $8,747,000,000 "," $6,785,000,000 "," $1,405,000,000 "," $601,000,000 ",Health Care,Health Care Equipment
24,ADBE,Year 1,11/29/2013," $4,055,240,000 "," $586,557,000 "," $2,140,578,000 "," $826,631,000 "," $52,254,000 ",Information Technology,Application Software
25,ADBE,Year 2,11/28/2014," $4,147,065,000 "," $622,080,000 "," $2,195,640,000 "," $844,353,000 "," $52,424,000 ",Information Technology,Application Software
26,ADBE,Year 3,11/27/2015," $4,795,511,000 "," $744,317,000 "," $2,215,161,000 "," $862,730,000 "," $68,649,000 ",Information Technology,Application Software
27,ADBE,Year 4,12/2/2016," $5,854,430,000 "," $819,908,000 "," $2,487,907,000 "," $975,987,000 "," $78,534,000 ",Information Technology,Application Software
28,ADI,Year 1,11/2/2013," $2,633,689,000 "," $941,278,000 "," $396,233,000 "," $513,035,000 "," $220,000 ",Information Technology,Semiconductors
29,ADI,Year 2,11/1/2014," $2,864,773,000 "," $1,034,585,000 "," $454,676,000 "," $559,686,000 "," $26,020,000 ",Information Technology,Semiconductors
30,ADI,Year 3,10/31/2015," $3,435,092,000 "," $1,175,830,000 "," $702,644,000 "," $637,459,000 "," $88,318,000 ",Information Technology,Semiconductors
31,ADI,Year 4,10/29/2016," $3,421,409,000 "," $1,194,236,000 "," $461,438,000 "," $653,816,000 "," $70,123,000 ",Information Technology,Semiconductors
32,ADM,Year 1,12/31/2012," $90,559,000,000 "," $86,936,000,000 "," $1,665,000,000 ", $-   , $-   ,Consumer Staples,Agricultural Products
33,ADM,Year 2,12/31/2013," $89,804,000,000 "," $85,915,000,000 "," $1,759,000,000 ", $-   , $-   ,Consumer Staples,Agricultural Products
34,ADM,Year 3,12/31/2014," $81,201,000,000 "," $76,433,000,000 "," $1,907,000,000 ", $-   , $-   ,Consumer Staples,Agricultural Products
35,ADM,Year 4,12/31/2015," $67,702,000,000 "," $63,682,000,000 "," $2,010,000,000 ", $-   , $-   ,Consumer Staples,Agricultural Products
36,ADS,Year 1,12/31/2012," $3,641,390,000 "," $2,392,091,000 "," $108,059,000 ", $-   ," $166,876,000 ",Information Technology,Data Processing & Outsourced Services
37,ADS,Year 2,12/31/2013," $4,319,063,000 "," $2,894,917,000 "," $109,115,000 ", $-   ," $216,119,000 ",Information Technology,Data Processing & Outsourced Services
38,ADS,Year 3,12/31/2014," $5,302,940,000 "," $3,643,979,000 "," $247,412,000 ", $-   ," $313,082,000 ",Information Technology,Data Processing & Outsourced Services
39,ADS,Year 4,12/31/2015," $6,439,746,000 "," $4,482,700,000 "," $203,046,000 ", $-   ," $492,140,000 ",Information Technology,Data Processing & Outsourced Services
40,ADSK,Year 1,1/31/2013," $2,312,200,000 "," $238,500,000 "," $1,081,800,000 "," $600,000,000 "," $42,100,000 ",Information Technology,Application Software
41,ADSK,Year 2,1/31/2014," $2,273,900,000 "," $274,300,000 "," $1,054,400,000 "," $611,100,000 "," $36,500,000 ",Information Technology,Application Software
42,ADSK,Year 3,1/31/2015," $2,512,200,000 "," $342,100,000 "," $1,281,300,000 "," $725,200,000 "," $39,800,000 ",Information Technology,Application Software
43,ADSK,Year 4,1/31/2016," $2,504,100,000 "," $370,700,000 "," $1,308,900,000 "," $790,000,000 "," $33,200,000 ",Information Technology,Application Software
44,AEE,Year 1,12/31/2012," $5,781,000,000 "," $3,477,000,000 "," $443,000,000 ", $-   ," $673,000,000 ",Utilities,MultiUtilities
45,AEE,Year 2,12/31/2013," $5,838,000,000 "," $3,490,000,000 "," $458,000,000 ", $-   ," $706,000,000 ",Utilities,MultiUtilities
46,AEE,Year 3,12/31/2014," $6,053,000,000 "," $3,586,000,000 "," $468,000,000 ", $-   ," $745,000,000 ",Utilities,MultiUtilities
47,AEE,Year 4,12/31/2015," $6,098,000,000 "," $3,501,000,000 "," $542,000,000 ", $-   ," $796,000,000 ",Utilities,MultiUtilities
48,AEP,Year 1,12/31/2012," $14,945,000,000 "," $6,395,000,000 "," $3,812,000,000 ", $-   ," $1,782,000,000 ",Utilities,Electric Utilities
49,AEP,Year 2,12/31/2013," $14,813,500,000 "," $6,722,300,000 "," $3,329,800,000 ", $-   ," $1,712,500,000 ",Utilities,Electric Utilities
50,AEP,Year 3,12/31/2014," $16,378,600,000 "," $7,685,700,000 "," $3,667,900,000 ", $-   ," $1,897,600,000 ",Utilities,Electric Utilities
51,AEP,Year 4,12/31/2015," $16,453,200,000 "," $7,433,500,000 "," $3,676,500,000 ", $-   ," $2,009,700,000 ",Utilities,Electric Utilities
52,AFL,Year 1,12/31/2012," $25,364,000,000 "," $17,074,000,000 ", $-   , $-   ," $3,727,000,000 ",Financials,Life & Health Insurance
53,AFL,Year 2,12/31/2013," $23,939,000,000 "," $15,341,000,000 ", $-   , $-   ," $3,489,000,000 ",Financials,Life & Health Insurance
54,AFL,Year 3,12/31/2014," $22,728,000,000 "," $14,373,000,000 ", $-   , $-   ," $3,547,000,000 ",Financials,Life & Health Insurance
55,AFL,Year 4,12/31/2015," $20,872,000,000 "," $13,049,000,000 ", $-   , $-   ," $3,672,000,000 ",Financials,Life & Health Insurance
56,AIG,Year 1,12/31/2012," $71,214,000,000 "," $37,745,000,000 "," $21,491,000,000 ", $-   , $-   ,Financials,Property & Casualty Insurance
57,AIG,Year 2,12/31/2013," $68,874,000,000 "," $34,660,000,000 "," $22,005,000,000 ", $-   , $-   ,Financials,Property & Casualty Insurance
58,AIG,Year 3,12/31/2014," $64,406,000,000 "," $33,611,000,000 "," $18,491,000,000 ", $-   , $-   ,Financials,Property & Casualty Insurance
59,AIG,Year 4,12/31/2015," $58,327,000,000 "," $36,581,000,000 "," $16,417,000,000 ", $-   , $-   ,Financials,Property & Casualty Insurance
60,AIV,Year 1,12/31/2012," $958,511,000 "," $386,355,000 "," $61,732,000 ", $-   ," $325,173,000 ",Real Estate,REITs
61,AIV,Year 2,12/31/2013," $974,053,000 "," $380,051,000 "," $53,073,000 ", $-   ," $291,910,000 ",Real Estate,REITs
62,AIV,Year 3,12/31/2014," $984,363,000 "," $380,964,000 "," $56,621,000 ", $-   ," $282,608,000 ",Real Estate,REITs
63,AIV,Year 4,12/31/2015," $981,310,000 "," $365,248,000 "," $53,546,000 ", $-   ," $306,301,000 ",Real Estate,REITs
64,AIZ,Year 1,12/31/2013," $9,047,657,000 "," $6,709,936,000 ", $-   , $-   ," $1,470,287,000 ",Financials,Multi-line Insurance
65,AIZ,Year 2,12/31/2014," $10,381,653,000 "," $8,093,563,000 ", $-   , $-   ," $1,485,558,000 ",Financials,Multi-line Insurance
66,AIZ,Year 3,12/31/2015," $10,325,494,000 "," $8,666,624,000 ", $-   , $-   ," $1,402,573,000 ",Financials,Multi-line Insurance
67,AIZ,Year 4,12/31/2016," $7,531,780,000 "," $5,251,228,000 ", $-   , $-   ," $1,351,314,000 ",Financials,Multi-line Insurance
72,AKAM,Year 1,12/31/2012," $1,373,947,000 "," $529,900,000 "," $433,448,000 "," $74,744,000 "," $20,962,000 ",Information Technology,Internet Software & Services
73,AKAM,Year 2,12/31/2013," $1,577,922,000 "," $511,087,000 "," $535,598,000 "," $93,879,000 "," $21,547,000 ",Information Technology,Internet Software & Services
74,AKAM,Year 3,12/31/2014," $1,963,874,000 "," $610,943,000 "," $704,880,000 "," $125,286,000 "," $32,057,000 ",Information Technology,Internet Software & Services
75,AKAM,Year 4,12/31/2015," $2,197,448,000 "," $725,620,000 "," $829,253,000 "," $148,591,000 "," $27,067,000 ",Information Technology,Internet Software & Services
76,ALB,Year 1,12/31/2012," $2,519,154,000 "," $1,620,311,000 "," $308,456,000 "," $78,919,000 ", $-   ,Materials,Specialty Chemicals
77,ALB,Year 2,12/31/2013," $2,394,270,000 "," $1,543,799,000 "," $158,189,000 "," $82,246,000 ", $-   ,Materials,Specialty Chemicals
78,ALB,Year 3,12/31/2014," $2,445,548,000 "," $1,674,700,000 "," $355,135,000 "," $88,310,000 ", $-   ,Materials,Specialty Chemicals
79,ALB,Year 4,12/31/2015," $3,651,335,000 "," $2,454,463,000 "," $512,274,000 "," $102,871,000 ", $-   ,Materials,Specialty Chemicals
80,ALK,Year 1,12/31/2012," $4,657,000,000 "," $2,319,000,000 "," $1,542,000,000 ", $-   ," $264,000,000 ",Industrials,Airlines
81,ALK,Year 2,12/31/2013," $5,156,000,000 "," $2,355,000,000 "," $1,693,000,000 ", $-   ," $270,000,000 ",Industrials,Airlines
82,ALK,Year 3,12/31/2014," $5,368,000,000 "," $2,325,000,000 "," $1,817,000,000 ", $-   ," $294,000,000 ",Industrials,Airlines
83,ALK,Year 4,12/31/2015," $5,598,000,000 "," $1,935,000,000 "," $2,013,000,000 ", $-   ," $320,000,000 ",Industrials,Airlines
84,ALL,Year 1,12/31/2012," $33,315,000,000 "," $21,618,000,000 ", $-   , $-   ," $8,002,000,000 ",Financials,Property & Casualty Insurance
85,ALL,Year 2,12/31/2013," $34,507,000,000 "," $19,828,000,000 "," $1,278,000,000 ", $-   ," $8,389,000,000 ",Financials,Property & Casualty Insurance
86,ALL,Year 3,12/31/2014," $35,239,000,000 "," $21,193,000,000 "," $919,000,000 ", $-   ," $8,476,000,000 ",Financials,Property & Casualty Insurance
87,ALL,Year 4,12/31/2015," $35,653,000,000 "," $22,837,000,000 "," $761,000,000 ", $-   ," $8,445,000,000 ",Financials,Property & Casualty Insurance
88,ALLE,Year 1,12/31/2013," $2,069,600,000 "," $1,208,100,000 "," $483,100,000 ", $-   , $-   ,Industrials,Building Products
89,ALLE,Year 2,12/31/2014," $2,118,300,000 "," $1,264,600,000 "," $527,400,000 ", $-   , $-   ,Industrials,Building Products
90,ALLE,Year 3,12/31/2015," $2,068,100,000 "," $1,199,000,000 "," $510,500,000 ", $-   , $-   ,Industrials,Building Products
91,ALLE,Year 4,12/31/2016," $2,238,000,000 "," $1,252,700,000 "," $559,800,000 ", $-   , $-   ,Industrials,Building Products
92,ALXN,Year 1,12/31/2013," $1,551,346,000 "," $177,556,000 "," $493,726,000 "," $317,093,000 "," $417,000 ",Health Care,Biotechnology
93,ALXN,Year 2,12/31/2014," $2,234,000,000 "," $174,000,000 "," $650,000,000 "," $514,000,000 ", $-   ,Health Care,Biotechnology
94,ALXN,Year 3,12/31/2015," $2,604,000,000 "," $233,000,000 "," $927,000,000 "," $709,000,000 "," $117,000,000 ",Health Care,Biotechnology
95,ALXN,Year 4,12/31/2016," $3,084,000,000 "," $258,000,000 "," $990,000,000 "," $757,000,000 "," $322,000,000 ",Health Care,Biotechnology
96,AMAT,Year 1,10/27/2013," $7,509,000,000 "," $4,518,000,000 "," $898,000,000 "," $1,320,000,000 ", $-   ,Information Technology,Semiconductor Equipment
97,AMAT,Year 2,10/26/2014," $9,072,000,000 "," $5,229,000,000 "," $895,000,000 "," $1,428,000,000 ", $-   ,Information Technology,Semiconductor Equipment
98,AMAT,Year 3,10/25/2015," $9,659,000,000 "," $5,707,000,000 "," $808,000,000 "," $1,451,000,000 ", $-   ,Information Technology,Semiconductor Equipment
99,AMAT,Year 4,10/30/2016," $10,825,000,000 "," $6,314,000,000 "," $819,000,000 "," $1,540,000,000 ", $-   ,Information Technology,Semiconductor Equipment
100,AME,Year 1,12/31/2012," $3,334,213,000 "," $2,154,132,000 "," $380,532,000 ", $-   ," $53,677,000 ",Industrials,Electrical Components & Equipment
101,AME,Year 2,12/31/2013," $3,594,136,000 "," $2,323,642,000 "," $398,177,000 ", $-   ," $57,238,000 ",Industrials,Electrical Components & Equipment
102,AME,Year 3,12/31/2014," $4,021,964,000 "," $2,597,017,000 "," $462,637,000 ", $-   ," $63,724,000 ",Industrials,Electrical Components & Equipment
103,AME,Year 4,12/31/2015," $3,974,295,000 "," $2,549,280,000 "," $448,592,000 ", $-   ," $68,707,000 ",Industrials,Electrical Components & Equipment
108,AMGN,Year 1,12/31/2013," $18,676,000,000 "," $3,346,000,000 "," $5,380,000,000 "," $4,083,000,000 ", $-   ,Health Care,Biotechnology
109,AMGN,Year 2,12/31/2014," $20,063,000,000 "," $4,422,000,000 "," $5,153,000,000 "," $4,297,000,000 ", $-   ,Health Care,Biotechnology
110,AMGN,Year 3,12/31/2015," $21,662,000,000 "," $4,227,000,000 "," $4,895,000,000 "," $4,070,000,000 ", $-   ,Health Care,Biotechnology
111,AMGN,Year 4,12/31/2016," $22,991,000,000 "," $4,162,000,000 "," $5,195,000,000 "," $3,840,000,000 ", $-   ,Health Care,Biotechnology
112,AMP,Year 1,12/31/2012," $10,259,000,000 "," $1,899,000,000 "," $3,927,000,000 ", $-   ," $2,877,000,000 ",Financials,Asset Management & Custody Banks
113,AMP,Year 2,12/31/2013," $11,230,000,000 "," $1,954,000,000 "," $3,862,000,000 ", $-   ," $3,132,000,000 ",Financials,Asset Management & Custody Banks
114,AMP,Year 3,12/31/2014," $12,296,000,000 "," $1,982,000,000 "," $3,808,000,000 ", $-   ," $3,603,000,000 ",Financials,Asset Management & Custody Banks
115,AMP,Year 4,12/31/2015," $12,200,000,000 "," $2,261,000,000 "," $3,750,000,000 ", $-   ," $3,630,000,000 ",Financials,Asset Management & Custody Banks
116,AMT,Year 1,12/31/2012," $2,875,960,000 "," $722,479,000 "," $389,486,000 ", $-   ," $644,276,000 ",Real Estate,Specialized REITs
117,AMT,Year 2,12/31/2013," $3,361,407,000 "," $859,873,000 "," $487,084,000 ", $-   ," $800,145,000 ",Real Estate,Specialized REITs
118,AMT,Year 3,12/31/2014," $4,100,048,000 "," $1,094,265,000 "," $515,059,000 ", $-   ," $1,003,802,000 ",Real Estate,Specialized REITs
119,AMT,Year 4,12/31/2015," $4,771,516,000 "," $1,308,868,000 "," $564,531,000 ", $-   ," $1,285,328,000 ",Real Estate,Specialized REITs
120,AMZN,Year 1,12/31/2013," $74,452,000,000 "," $54,181,000,000 "," $19,526,000,000 ", $-   , $-   ,Consumer Discretionary,Internet & Direct Marketing Retail
121,AMZN,Year 2,12/31/2014," $88,988,000,000 "," $62,752,000,000 "," $26,058,000,000 ", $-   , $-   ,Consumer Discretionary,Internet & Direct Marketing Retail
122,AMZN,Year 3,12/31/2015," $107,006,000,000 "," $71,651,000,000 "," $33,122,000,000 ", $-   , $-   ,Consumer Discretionary,Internet & Direct Marketing Retail
123,AMZN,Year 4,12/31/2016," $135,987,000,000 "," $88,265,000,000 "," $43,536,000,000 ", $-   , $-   ,Consumer Discretionary,Internet & Direct Marketing Retail
124,AN,Year 1,12/31/2013," $17,517,600,000 "," $14,757,700,000 "," $1,924,300,000 ", $-   ," $95,300,000 ",Consumer Discretionary,Specialty Stores
125,AN,Year 2,12/31/2014," $19,108,800,000 "," $16,120,100,000 "," $2,061,000,000 ", $-   ," $106,900,000 ",Consumer Discretionary,Specialty Stores
126,AN,Year 3,12/31/2015," $20,862,000,000 "," $17,600,500,000 "," $2,245,600,000 ", $-   ," $127,400,000 ",Consumer Discretionary,Specialty Stores
127,AN,Year 4,12/31/2016," $21,609,000,000 "," $18,295,800,000 "," $2,280,300,000 ", $-   ," $143,400,000 ",Consumer Discretionary,Specialty Stores
128,ANTM,Year 1,12/31/2012," $61,497,200,000 "," $48,213,600,000 "," $8,680,500,000 ", $-   ," $233,000,000 ",Health Care,Managed Health Care
129,ANTM,Year 2,12/31/2013," $71,023,500,000 "," $56,237,100,000 "," $9,952,900,000 ", $-   ," $245,300,000 ",Health Care,Managed Health Care
130,ANTM,Year 3,12/31/2014," $73,874,100,000 "," $56,854,900,000 "," $11,748,400,000 ", $-   ," $220,900,000 ",Health Care,Managed Health Care
131,ANTM,Year 4,12/31/2015," $79,156,500,000 "," $61,116,900,000 "," $12,534,800,000 ", $-   ," $230,100,000 ",Health Care,Managed Health Care
136,APA,Year 1,12/31/2012," $16,428,000,000 "," $3,079,000,000 "," $1,333,000,000 ", $-   ," $6,881,000,000 ",Energy,Oil & Gas Exploration & Production
137,APA,Year 2,12/31/2013," $14,771,000,000 "," $2,938,000,000 "," $1,286,000,000 ", $-   ," $5,866,000,000 ",Energy,Oil & Gas Exploration & Production
138,APA,Year 3,12/31/2014," $12,691,000,000 "," $2,511,000,000 "," $1,095,000,000 ", $-   ," $9,720,000,000 ",Energy,Oil & Gas Exploration & Production
139,APA,Year 4,12/31/2015," $6,383,000,000 "," $2,065,000,000 "," $791,000,000 ", $-   ," $29,372,000,000 ",Energy,Oil & Gas Exploration & Production
140,APC,Year 1,12/31/2013," $14,581,000,000 "," $2,942,000,000 "," $2,256,000,000 ", $-   ," $3,927,000,000 ",Energy,Oil & Gas Exploration & Production
141,APC,Year 2,12/31/2014," $18,470,000,000 "," $3,317,000,000 "," $2,725,000,000 ", $-   ," $4,550,000,000 ",Energy,Oil & Gas Exploration & Production
142,APC,Year 3,12/31/2015," $8,698,000,000 "," $3,185,000,000 "," $2,000,000,000 ", $-   ," $4,603,000,000 ",Energy,Oil & Gas Exploration & Production
143,APC,Year 4,12/31/2016," $7,869,000,000 "," $2,900,000,000 "," $2,094,000,000 ", $-   ," $4,301,000,000 ",Energy,Oil & Gas Exploration & Production
144,APD,Year 1,9/30/2013," $10,180,400,000 "," $7,472,100,000 "," $1,018,600,000 "," $133,700,000 ", $-   ,Materials,Industrial Gases
145,APD,Year 2,9/30/2014," $10,439,000,000 "," $7,629,900,000 "," $1,007,400,000 "," $139,800,000 ", $-   ,Materials,Industrial Gases
146,APD,Year 3,9/30/2015," $9,894,900,000 "," $6,939,000,000 "," $895,300,000 "," $137,100,000 ", $-   ,Materials,Industrial Gases
147,APD,Year 4,9/30/2016," $9,524,400,000 "," $6,402,700,000 "," $797,600,000 "," $132,000,000 ", $-   ,Materials,Industrial Gases
148,APH,Year 1,12/31/2012," $4,292,100,000 "," $2,948,900,000 "," $512,900,000 ", $-   , $-   ,Information Technology,Electronic Components
149,APH,Year 2,12/31/2013," $4,614,700,000 "," $3,163,900,000 "," $548,000,000 ", $-   , $-   ,Information Technology,Electronic Components
150,APH,Year 3,12/31/2014," $5,345,500,000 "," $3,651,700,000 "," $645,100,000 ", $-   , $-   ,Information Technology,Electronic Components
151,APH,Year 4,12/31/2015," $5,568,700,000 "," $3,789,200,000 "," $669,100,000 ", $-   , $-   ,Information Technology,Electronic Components
152,ARNC,Year 1,12/31/2012," $23,700,000,000 "," $20,401,000,000 "," $997,000,000 "," $197,000,000 "," $1,460,000,000 ",Industrials,Aerospace & Defense
153,ARNC,Year 2,12/31/2013," $23,032,000,000 "," $19,286,000,000 "," $1,008,000,000 "," $192,000,000 "," $1,421,000,000 ",Industrials,Aerospace & Defense
154,ARNC,Year 3,12/31/2014," $23,906,000,000 "," $19,137,000,000 "," $995,000,000 "," $218,000,000 "," $1,371,000,000 ",Industrials,Aerospace & Defense
155,ARNC,Year 4,12/31/2015," $22,534,000,000 "," $18,069,000,000 "," $979,000,000 "," $238,000,000 "," $1,280,000,000 ",Industrials,Aerospace & Defense
156,ATVI,Year 1,12/31/2012," $4,856,000,000 "," $1,662,000,000 "," $1,139,000,000 "," $604,000,000 ", $-   ,Information Technology,Home Entertainment Software
157,ATVI,Year 2,12/31/2013," $4,583,000,000 "," $1,531,000,000 "," $1,096,000,000 "," $584,000,000 ", $-   ,Information Technology,Home Entertainment Software
158,ATVI,Year 3,12/31/2014," $4,408,000,000 "," $1,525,000,000 "," $1,129,000,000 "," $571,000,000 ", $-   ,Information Technology,Home Entertainment Software
159,ATVI,Year 4,12/31/2015," $4,664,000,000 "," $1,585,000,000 "," $1,114,000,000 "," $646,000,000 ", $-   ,Information Technology,Home Entertainment Software
164,AVGO,Year 1,11/1/2015," $6,824,000,000 "," $3,271,000,000 "," $486,000,000 "," $1,049,000,000 "," $249,000,000 ",Information Technology,Semiconductors
165,AVGO,Year 2,10/30/2016," $13,240,000,000 "," $7,300,000,000 "," $806,000,000 "," $2,674,000,000 "," $1,873,000,000 ",Information Technology,Semiconductors
166,AVY,Year 1,12/31/2012," $5,863,500,000 "," $4,335,300,000 "," $1,148,900,000 ", $-   , $-   ,Materials,Paper Packaging
167,AVY,Year 2,12/28/2013," $6,140,000,000 "," $4,502,300,000 "," $1,174,200,000 ", $-   , $-   ,Materials,Paper Packaging
168,AVY,Year 3,1/3/2015," $6,330,300,000 "," $4,679,100,000 "," $1,158,900,000 ", $-   , $-   ,Materials,Paper Packaging
169,AVY,Year 4,1/2/2016," $5,966,900,000 "," $4,321,100,000 "," $1,108,100,000 ", $-   , $-   ,Materials,Paper Packaging
170,AWK,Year 1,12/31/2012," $2,853,926,000 "," $1,329,500,000 "," $220,758,000 ", $-   ," $380,402,000 ",Utilities,Water Utilities
171,AWK,Year 2,12/31/2013," $2,879,000,000 "," $1,289,000,000 "," $234,000,000 ", $-   ," $407,000,000 ",Utilities,Water Utilities
172,AWK,Year 3,12/31/2014," $3,011,000,000 "," $1,350,000,000 "," $236,000,000 ", $-   ," $424,000,000 ",Utilities,Water Utilities
173,AWK,Year 4,12/31/2015," $3,159,000,000 "," $1,404,000,000 "," $243,000,000 ", $-   ," $440,000,000 ",Utilities,Water Utilities
174,AXP,Year 1,12/31/2012," $33,781,000,000 "," $480,000,000 "," $23,392,000,000 ", $-   ," $1,712,000,000 ",Financials,Consumer Finance
175,AXP,Year 2,12/31/2013," $34,828,000,000 "," $442,000,000 "," $23,150,000,000 ", $-   ," $1,832,000,000 ",Financials,Consumer Finance
176,AXP,Year 3,12/31/2014," $35,895,000,000 "," $373,000,000 "," $23,153,000,000 ", $-   ," $2,044,000,000 ",Financials,Consumer Finance
177,AXP,Year 4,12/31/2015," $34,441,000,000 "," $475,000,000 "," $22,892,000,000 ", $-   ," $1,988,000,000 ",Financials,Consumer Finance
178,AYI,Year 1,8/31/2013," $2,089,100,000 "," $1,251,500,000 "," $607,600,000 ", $-   , $-   ,Industrials,Electrical Components & Equipment
179,AYI,Year 2,8/31/2014," $2,393,500,000 "," $1,414,300,000 "," $680,300,000 ", $-   , $-   ,Industrials,Electrical Components & Equipment
180,AYI,Year 3,8/31/2015," $2,706,700,000 "," $1,561,100,000 "," $756,900,000 ", $-   , $-   ,Industrials,Electrical Components & Equipment
181,AYI,Year 4,8/31/2016," $3,291,300,000 "," $1,855,100,000 "," $946,000,000 ", $-   , $-   ,Industrials,Electrical Components & Equipment
182,AZO,Year 1,8/31/2013," $9,147,530,000 "," $4,406,595,000 "," $2,967,837,000 ", $-   , $-   ,Consumer Discretionary,Specialty Stores
183,AZO,Year 2,8/30/2014," $9,475,313,000 "," $4,540,406,000 "," $3,104,684,000 ", $-   , $-   ,Consumer Discretionary,Specialty Stores
184,AZO,Year 3,8/29/2015," $10,187,340,000 "," $4,860,309,000 "," $3,373,980,000 ", $-   , $-   ,Consumer Discretionary,Specialty Stores
185,AZO,Year 4,8/27/2016," $10,635,676,000 "," $5,026,940,000 "," $3,548,341,000 ", $-   , $-   ,Consumer Discretionary,Specialty Stores
186,BA,Year 1,12/31/2013," $86,623,000,000 "," $73,268,000,000 "," $3,742,000,000 "," $3,071,000,000 ", $-   ,Industrials,Aerospace & Defense
187,BA,Year 2,12/31/2014," $90,762,000,000 "," $76,752,000,000 "," $3,480,000,000 "," $3,047,000,000 ", $-   ,Industrials,Aerospace & Defense
188,BA,Year 3,12/31/2015," $96,114,000,000 "," $82,088,000,000 "," $3,251,000,000 "," $3,331,000,000 ", $-   ,Industrials,Aerospace & Defense
189,BA,Year 4,12/31/2016," $94,571,000,000 "," $80,790,000,000 "," $3,313,000,000 "," $4,627,000,000 ", $-   ,Industrials,Aerospace & Defense
190,BAC,Year 1,12/31/2012," $100,078,000,000 "," $3,753,000,000 "," $70,829,000,000 ", $-   ," $9,433,000,000 ",Financials,Banks
191,BAC,Year 2,12/31/2013," $101,697,000,000 "," $3,034,000,000 "," $68,128,000,000 ", $-   ," $4,642,000,000 ",Financials,Banks
192,BAC,Year 3,12/31/2014," $95,181,000,000 "," $2,656,000,000 "," $74,181,000,000 ", $-   ," $3,211,000,000 ",Financials,Banks
193,BAC,Year 4,12/31/2015," $93,056,000,000 "," $2,204,000,000 "," $56,358,000,000 ", $-   ," $3,995,000,000 ",Financials,Banks
194,BAX,Year 1,12/31/2012," $13,936,000,000 "," $6,802,000,000 "," $3,283,000,000 "," $1,081,000,000 ", $-   ,Health Care,Health Care Equipment
195,BAX,Year 2,12/31/2013," $9,413,000,000 "," $5,251,000,000 "," $3,084,000,000 "," $582,000,000 ", $-   ,Health Care,Health Care Equipment
196,BAX,Year 3,12/31/2014," $10,719,000,000 "," $6,138,000,000 "," $3,315,000,000 "," $610,000,000 ", $-   ,Health Care,Health Care Equipment
197,BAX,Year 4,12/31/2015," $9,968,000,000 "," $5,822,000,000 "," $3,094,000,000 "," $603,000,000 ", $-   ,Health Care,Health Care Equipment
198,BBBY,Year 1,3/2/2013," $10,914,585,000 "," $6,525,830,000 "," $2,750,537,000 ", $-   , $-   ,Consumer Discretionary,Specialty Stores
199,BBBY,Year 2,3/1/2014," $11,503,963,000 "," $6,938,381,000 "," $2,950,995,000 ", $-   , $-   ,Consumer Discretionary,Specialty Stores
200,BBBY,Year 3,2/28/2015," $11,881,176,000 "," $7,261,397,000 "," $3,065,486,000 ", $-   , $-   ,Consumer Discretionary,Specialty Stores
201,BBBY,Year 4,2/27/2016," $12,103,887,000 "," $7,483,577,000 "," $3,205,407,000 ", $-   , $-   ,Consumer Discretionary,Specialty Stores
202,BBT,Year 1,12/31/2012," $10,737,000,000 "," $429,000,000 "," $5,650,000,000 ", $-   ," $1,167,000,000 ",Financials,Banks
203,BBT,Year 2,12/31/2013," $10,543,000,000 "," $301,000,000 "," $5,625,000,000 ", $-   ," $698,000,000 ",Financials,Banks
204,BBT,Year 3,12/31/2014," $9,998,000,000 "," $239,000,000 "," $5,715,000,000 ", $-   ," $342,000,000 ",Financials,Banks
205,BBT,Year 4,12/31/2015," $10,346,000,000 "," $233,000,000 "," $5,996,000,000 ", $-   ," $533,000,000 ",Financials,Banks
206,BBY,Year 1,3/3/2012," $45,457,000,000 "," $34,473,000,000 "," $8,755,000,000 ", $-   , $-   ,Consumer Discretionary,Computer & Electronics Retail
207,BBY,Year 2,2/1/2014," $40,611,000,000 "," $31,212,000,000 "," $8,106,000,000 ", $-   , $-   ,Consumer Discretionary,Computer & Electronics Retail
208,BBY,Year 3,1/31/2015," $40,339,000,000 "," $31,292,000,000 "," $7,592,000,000 ", $-   , $-   ,Consumer Discretionary,Computer & Electronics Retail
209,BBY,Year 4,1/30/2016," $39,528,000,000 "," $30,337,000,000 "," $7,618,000,000 ", $-   , $-   ,Consumer Discretionary,Computer & Electronics Retail
210,BCR,Year 1,12/31/2013," $3,049,500,000 "," $1,194,400,000 "," $920,300,000 "," $295,700,000 ", $-   ,Health Care,Health Care Equipment
211,BCR,Year 2,12/31/2014," $3,323,600,000 "," $1,258,600,000 "," $981,500,000 "," $302,000,000 ", $-   ,Health Care,Health Care Equipment
212,BCR,Year 3,12/31/2015," $3,416,000,000 "," $1,301,200,000 "," $1,012,100,000 "," $259,200,000 ", $-   ,Health Care,Health Care Equipment
213,BCR,Year 4,12/31/2016," $3,714,000,000 "," $1,371,700,000 "," $1,101,900,000 "," $292,800,000 ", $-   ,Health Care,Health Care Equipment
214,BDX,Year 1,9/30/2013," $8,054,000,000 "," $3,883,000,000 "," $2,422,000,000 "," $494,000,000 ", $-   ,Health Care,Health Care Equipment
215,BDX,Year 2,9/30/2014," $8,446,000,000 "," $4,145,000,000 "," $2,145,000,000 "," $550,000,000 ", $-   ,Health Care,Health Care Equipment
216,BDX,Year 3,9/30/2015," $10,282,000,000 "," $5,587,000,000 "," $2,563,000,000 "," $632,000,000 ", $-   ,Health Care,Health Care Equipment
217,BDX,Year 4,9/30/2016," $12,483,000,000 "," $6,492,000,000 "," $3,005,000,000 "," $828,000,000 ", $-   ,Health Care,Health Care Equipment
218,BHI,Year 1,12/31/2013," $22,364,000,000 "," $18,553,000,000 "," $1,306,000,000 "," $556,000,000 ", $-   ,Energy,Oil & Gas Equipment & Services
219,BHI,Year 2,12/31/2014," $24,551,000,000 "," $19,746,000,000 "," $1,333,000,000 "," $613,000,000 ", $-   ,Energy,Oil & Gas Equipment & Services
220,BHI,Year 3,12/31/2015," $15,742,000,000 "," $14,415,000,000 "," $969,000,000 "," $466,000,000 ", $-   ,Energy,Oil & Gas Equipment & Services
221,BHI,Year 4,12/31/2016," $9,841,000,000 "," $9,973,000,000 "," $815,000,000 "," $384,000,000 ", $-   ,Energy,Oil & Gas Equipment & Services
222,BIIB,Year 1,12/31/2013," $6,932,200,000 "," $857,700,000 "," $1,797,000,000 "," $1,444,100,000 "," $342,900,000 ",Health Care,Biotechnology
223,BIIB,Year 2,12/31/2014," $9,703,300,000 "," $1,171,000,000 "," $2,193,400,000 "," $1,893,400,000 "," $489,800,000 ",Health Care,Biotechnology
224,BIIB,Year 3,12/31/2015," $10,763,800,000 "," $1,240,400,000 "," $2,143,600,000 "," $2,012,800,000 "," $382,600,000 ",Health Care,Biotechnology
225,BIIB,Year 4,12/31/2016," $11,448,800,000 "," $1,478,700,000 "," $1,972,900,000 "," $1,973,300,000 "," $385,600,000 ",Health Care,Biotechnology
230,BLL,Year 1,12/31/2012," $8,735,700,000 "," $7,174,000,000 "," $488,300,000 ", $-   ," $282,900,000 ",Materials,Metal & Glass Containers
231,BLL,Year 2,12/31/2013," $8,468,100,000 "," $6,875,400,000 "," $497,400,000 ", $-   ," $299,900,000 ",Materials,Metal & Glass Containers
232,BLL,Year 3,12/31/2014," $8,570,000,000 "," $6,903,500,000 "," $547,000,000 ", $-   ," $280,900,000 ",Materials,Metal & Glass Containers
233,BLL,Year 4,12/31/2015," $7,997,000,000 "," $6,460,300,000 "," $646,000,000 ", $-   ," $285,500,000 ",Materials,Metal & Glass Containers
234,BMY,Year 1,12/31/2012," $17,621,000,000 "," $4,610,000,000 "," $5,017,000,000 "," $3,904,000,000 ", $-   ,Health Care,Health Care Distributors
235,BMY,Year 2,12/31/2013," $16,385,000,000 "," $4,619,000,000 "," $4,939,000,000 "," $3,731,000,000 ", $-   ,Health Care,Health Care Distributors
236,BMY,Year 3,12/31/2014," $15,879,000,000 "," $3,932,000,000 "," $4,822,000,000 "," $4,534,000,000 ", $-   ,Health Care,Health Care Distributors
237,BMY,Year 4,12/31/2015," $16,560,000,000 "," $3,909,000,000 "," $4,841,000,000 "," $5,920,000,000 ", $-   ,Health Care,Health Care Distributors
238,BSX,Year 1,12/31/2012," $7,249,000,000 "," $2,349,000,000 "," $2,529,000,000 "," $886,000,000 "," $395,000,000 ",Health Care,Health Care Equipment
239,BSX,Year 2,12/31/2013," $7,143,000,000 "," $2,174,000,000 "," $2,678,000,000 "," $861,000,000 "," $410,000,000 ",Health Care,Health Care Equipment
240,BSX,Year 3,12/31/2014," $7,380,000,000 "," $2,210,000,000 "," $2,817,000,000 "," $817,000,000 "," $438,000,000 ",Health Care,Health Care Equipment
241,BSX,Year 4,12/31/2015," $7,477,000,000 "," $2,173,000,000 "," $2,996,000,000 "," $876,000,000 "," $495,000,000 ",Health Care,Health Care Equipment
242,BWA,Year 1,12/31/2013," $7,436,600,000 "," $5,879,100,000 "," $702,300,000 ", $-   , $-   ,Consumer Discretionary,Auto Parts & Equipment
243,BWA,Year 2,12/31/2014," $8,305,100,000 "," $6,548,700,000 "," $792,700,000 ", $-   , $-   ,Consumer Discretionary,Auto Parts & Equipment
244,BWA,Year 3,12/31/2015," $8,023,200,000 "," $6,320,100,000 "," $763,400,000 ", $-   , $-   ,Consumer Discretionary,Auto Parts & Equipment
245,BWA,Year 4,12/31/2016," $9,071,000,000 "," $7,137,900,000 "," $1,707,200,000 ", $-   , $-   ,Consumer Discretionary,Auto Parts & Equipment
246,BXP,Year 1,12/31/2012," $1,847,186,000 "," $667,208,000 "," $93,782,000 ", $-   ," $445,875,000 ",Real Estate,REITs
247,BXP,Year 2,12/31/2013," $2,135,539,000 "," $771,403,000 "," $117,073,000 ", $-   ," $560,637,000 ",Real Estate,REITs
248,BXP,Year 3,12/31/2014," $2,396,998,000 "," $864,526,000 "," $102,077,000 ", $-   ," $628,573,000 ",Real Estate,REITs
249,BXP,Year 4,12/31/2015," $2,490,821,000 "," $904,336,000 "," $97,578,000 ", $-   ," $639,542,000 ",Real Estate,REITs
254,CAG,Year 1,5/26/2013," $13,469,300,000 "," $10,104,400,000 "," $2,065,900,000 ", $-   , $-   ,Consumer Staples,Packaged Foods & Meats
255,CAG,Year 2,5/25/2014," $11,838,200,000 "," $8,910,800,000 "," $1,778,900,000 ", $-   , $-   ,Consumer Staples,Packaged Foods & Meats
256,CAG,Year 3,5/31/2015," $11,937,000,000 "," $9,061,400,000 "," $1,545,300,000 ", $-   , $-   ,Consumer Staples,Packaged Foods & Meats
257,CAG,Year 4,5/29/2016," $11,642,900,000 "," $8,552,100,000 "," $2,209,400,000 ", $-   , $-   ,Consumer Staples,Packaged Foods & Meats
258,CAH,Year 1,6/30/2013," $101,093,000,000 "," $96,172,000,000 "," $2,875,000,000 ", $-   ," $158,000,000 ",Health Care,Health Care Distributors
259,CAH,Year 2,6/30/2014," $91,084,000,000 "," $85,923,000,000 "," $3,028,000,000 ", $-   ," $223,000,000 ",Health Care,Health Care Distributors
260,CAH,Year 3,6/30/2015," $102,531,000,000 "," $96,819,000,000 "," $3,240,000,000 ", $-   ," $281,000,000 ",Health Care,Health Care Distributors
261,CAH,Year 4,6/30/2016," $121,546,000,000 "," $115,003,000,000 "," $3,648,000,000 ", $-   ," $459,000,000 ",Health Care,Health Care Distributors
262,CAT,Year 1,12/31/2013," $55,656,000,000 "," $41,454,000,000 "," $6,528,000,000 "," $2,046,000,000 ", $-   ,Industrials,Construction & Farm Machinery & Heavy Trucks
263,CAT,Year 2,12/31/2014," $55,184,000,000 "," $41,342,000,000 "," $8,148,000,000 "," $2,380,000,000 ", $-   ,Industrials,Construction & Farm Machinery & Heavy Trucks
264,CAT,Year 3,12/31/2015," $47,011,000,000 "," $34,133,000,000 "," $6,974,000,000 "," $2,119,000,000 ", $-   ,Industrials,Construction & Farm Machinery & Heavy Trucks
265,CAT,Year 4,12/31/2016," $38,537,000,000 "," $28,905,000,000 "," $6,588,000,000 "," $1,951,000,000 ", $-   ,Industrials,Construction & Farm Machinery & Heavy Trucks
266,CB,Year 1,12/31/2012," $17,936,000,000 "," $12,620,000,000 "," $2,096,000,000 ", $-   ," $(6,000,000)",Financials,Property & Casualty Insurance
267,CB,Year 2,12/31/2013," $19,261,000,000 "," $12,522,000,000 "," $2,211,000,000 ", $-   ," $15,000,000 ",Financials,Property & Casualty Insurance
268,CB,Year 3,12/31/2014," $19,171,000,000 "," $13,241,000,000 "," $2,245,000,000 ", $-   ," $(82,000,000)",Financials,Property & Casualty Insurance
269,CB,Year 4,12/31/2015," $18,987,000,000 "," $12,968,000,000 "," $2,270,000,000 ", $-   ," $120,000,000 ",Financials,Property & Casualty Insurance
270,CBG,Year 1,12/31/2012," $6,514,099,000 "," $5,745,428,000 ", $-   , $-   ," $169,645,000 ",Real Estate,Real Estate Services
271,CBG,Year 2,12/31/2013," $7,184,794,000 "," $6,293,699,000 ", $-   , $-   ," $190,390,000 ",Real Estate,Real Estate Services
272,CBG,Year 3,12/31/2014," $9,049,918,000 "," $8,050,222,000 ", $-   , $-   ," $265,101,000 ",Real Estate,Real Estate Services
273,CBG,Year 4,12/31/2015," $10,855,810,000 "," $9,716,541,000 ", $-   , $-   ," $314,096,000 ",Real Estate,Real Estate Services
274,CCI,Year 1,12/31/2012," $2,432,680,000 "," $728,989,000 "," $212,572,000 ", $-   ," $622,592,000 ",Real Estate,REITs
275,CCI,Year 2,12/31/2013," $2,865,751,000 "," $991,017,000 "," $213,519,000 ", $-   ," $741,342,000 ",Real Estate,REITs
276,CCI,Year 3,12/31/2014," $3,538,756,000 "," $1,306,606,000 "," $257,296,000 ", $-   ," $985,781,000 ",Real Estate,REITs
277,CCI,Year 4,12/31/2015," $3,663,851,000 "," $1,321,426,000 "," $310,921,000 ", $-   ," $1,036,178,000 ",Real Estate,REITs
278,CCL,Year 1,11/30/2013," $15,456,000,000 "," $10,645,000,000 "," $1,879,000,000 ", $-   ," $1,590,000,000 ",Consumer Discretionary,"Hotels, Resorts & Cruise Lines"
279,CCL,Year 2,11/30/2014," $15,884,000,000 "," $10,421,000,000 "," $2,054,000,000 ", $-   ," $1,637,000,000 ",Consumer Discretionary,"Hotels, Resorts & Cruise Lines"
280,CCL,Year 3,11/30/2015," $15,714,000,000 "," $9,447,000,000 "," $2,067,000,000 ", $-   ," $1,626,000,000 ",Consumer Discretionary,"Hotels, Resorts & Cruise Lines"
281,CCL,Year 4,11/30/2016," $16,389,000,000 "," $9,383,000,000 "," $2,197,000,000 ", $-   ," $1,738,000,000 ",Consumer Discretionary,"Hotels, Resorts & Cruise Lines"
282,CELG,Year 1,12/31/2013," $6,493,900,000 "," $340,400,000 "," $1,684,500,000 "," $2,226,200,000 "," $262,800,000 ",Health Care,Biotechnology
283,CELG,Year 2,12/31/2014," $7,670,400,000 "," $385,900,000 "," $2,027,900,000 "," $2,430,600,000 "," $258,300,000 ",Health Care,Biotechnology
284,CELG,Year 3,12/31/2015," $9,256,000,000 "," $420,100,000 "," $2,305,400,000 "," $3,697,300,000 "," $279,000,000 ",Health Care,Biotechnology
285,CELG,Year 4,12/31/2016," $11,229,200,000 "," $438,000,000 "," $2,657,700,000 "," $4,470,100,000 "," $459,000,000 ",Health Care,Biotechnology
286,CERN,Year 1,12/28/2013," $2,910,748,000 "," $514,722,000 "," $1,468,434,000 "," $338,786,000 "," $12,794,000 ",Health Care,Health Care Technology
287,CERN,Year 2,1/3/2015," $3,402,703,000 "," $604,377,000 "," $1,628,961,000 "," $392,805,000 "," $13,476,000 ",Health Care,Health Care Technology
288,CERN,Year 3,1/2/2016," $4,425,267,000 "," $750,781,000 "," $2,262,024,000 "," $539,799,000 "," $91,527,000 ",Health Care,Health Care Technology
289,CERN,Year 4,12/31/2016," $4,796,473,000 "," $779,116,000 "," $2,464,380,000 "," $551,418,000 "," $90,546,000 ",Health Care,Health Care Technology
290,CF,Year 1,12/31/2012," $6,104,000,000 "," $2,990,700,000 "," $200,900,000 ", $-   , $-   ,Materials,Fertilizers & Agricultural Chemicals
291,CF,Year 2,12/31/2013," $5,474,700,000 "," $2,954,500,000 "," $150,200,000 ", $-   , $-   ,Materials,Fertilizers & Agricultural Chemicals
292,CF,Year 3,12/31/2014," $4,743,200,000 "," $2,964,700,000 "," $205,200,000 ", $-   , $-   ,Materials,Fertilizers & Agricultural Chemicals
293,CF,Year 4,12/31/2015," $4,308,300,000 "," $2,761,200,000 "," $319,000,000 ", $-   , $-   ,Materials,Fertilizers & Agricultural Chemicals
294,CFG,Year 1,12/31/2012," $5,513,000,000 "," $375,000,000 "," $3,380,000,000 ", $-   ," $490,000,000 ",Financials,Regional Banks
295,CFG,Year 2,12/31/2013," $5,133,000,000 "," $216,000,000 "," $3,142,000,000 ", $-   ," $581,000,000 ",Financials,Regional Banks
296,CFG,Year 3,12/31/2014," $5,342,000,000 "," $160,000,000 "," $3,247,000,000 ", $-   ," $464,000,000 ",Financials,Regional Banks
297,CFG,Year 4,12/31/2015," $5,276,000,000 "," $237,000,000 "," $3,113,000,000 ", $-   ," $448,000,000 ",Financials,Regional Banks
298,CHD,Year 1,12/31/2012," $2,921,900,000 "," $1,630,500,000 "," $746,300,000 ", $-   , $-   ,Consumer Staples,Household Products
299,CHD,Year 2,12/31/2013," $3,194,300,000 "," $1,756,300,000 "," $815,800,000 ", $-   , $-   ,Consumer Staples,Household Products
300,CHD,Year 3,12/31/2014," $3,297,600,000 "," $1,844,700,000 "," $811,700,000 ", $-   , $-   ,Consumer Staples,Household Products
301,CHD,Year 4,12/31/2015," $3,394,800,000 "," $1,883,000,000 "," $837,600,000 ", $-   , $-   ,Consumer Staples,Household Products
302,CHK,Year 1,12/31/2012," $12,316,000,000 "," $7,081,000,000 "," $723,000,000 ", $-   ," $2,811,000,000 ",Energy,Integrated Oil & Gas
303,CHK,Year 2,12/31/2013," $19,080,000,000 "," $12,930,000,000 "," $686,000,000 ", $-   ," $2,903,000,000 ",Energy,Integrated Oil & Gas
304,CHK,Year 3,12/31/2014," $23,125,000,000 "," $16,049,000,000 "," $554,000,000 ", $-   ," $2,915,000,000 ",Energy,Integrated Oil & Gas
305,CHK,Year 4,12/31/2015," $12,764,000,000 "," $10,295,000,000 "," $334,000,000 ", $-   ," $2,229,000,000 ",Energy,Integrated Oil & Gas
306,CHRW,Year 1,12/31/2012," $11,359,113,000 "," $9,641,542,000 "," $1,042,251,000 ", $-   , $-   ,Industrials,Air Freight & Logistics
307,CHRW,Year 2,12/31/2013," $12,752,076,000 "," $10,915,981,000 "," $1,153,445,000 ", $-   , $-   ,Industrials,Air Freight & Logistics
308,CHRW,Year 3,12/31/2014," $13,470,067,000 "," $11,462,415,000 "," $1,259,234,000 ", $-   , $-   ,Industrials,Air Freight & Logistics
309,CHRW,Year 4,12/31/2015," $13,476,084,000 "," $11,207,604,000 "," $1,410,170,000 ", $-   , $-   ,Industrials,Air Freight & Logistics
310,CHTR,Year 1,12/31/2013," $8,155,000,000 "," $5,345,000,000 "," $47,000,000 ", $-   ," $1,854,000,000 ",Consumer Discretionary,Cable & Satellite
311,CHTR,Year 2,12/31/2014," $9,108,000,000 "," $5,973,000,000 "," $62,000,000 ", $-   ," $2,102,000,000 ",Consumer Discretionary,Cable & Satellite
312,CHTR,Year 3,12/31/2015," $9,754,000,000 "," $6,426,000,000 "," $89,000,000 ", $-   ," $2,125,000,000 ",Consumer Discretionary,Cable & Satellite
313,CHTR,Year 4,12/31/2016," $29,003,000,000 "," $18,655,000,000 "," $86,000,000 ", $-   ," $6,907,000,000 ",Consumer Discretionary,Cable & Satellite
314,CI,Year 1,12/31/2012," $29,119,000,000 "," $17,900,000,000 ", $-   , $-   ," $8,742,000,000 ",Health Care,Managed Health Care
315,CI,Year 2,12/31/2013," $32,380,000,000 "," $20,865,000,000 ", $-   , $-   ," $9,339,000,000 ",Health Care,Managed Health Care
316,CI,Year 3,12/31/2014," $34,914,000,000 "," $21,334,000,000 ", $-   , $-   ," $10,276,000,000 ",Health Care,Managed Health Care
317,CI,Year 4,12/31/2015," $37,876,000,000 "," $23,290,000,000 ", $-   , $-   ," $11,259,000,000 ",Health Care,Managed Health Care
318,CINF,Year 1,12/31/2012," $4,111,000,000 "," $3,477,000,000 ", $-   , $-   ," $14,000,000 ",Financials,Property & Casualty Insurance
319,CINF,Year 2,12/31/2013," $4,531,000,000 "," $3,748,000,000 ", $-   , $-   ," $15,000,000 ",Financials,Property & Casualty Insurance
320,CINF,Year 3,12/31/2014," $4,945,000,000 "," $4,157,000,000 ", $-   , $-   ," $14,000,000 ",Financials,Property & Casualty Insurance
321,CINF,Year 4,12/31/2015," $5,142,000,000 "," $4,195,000,000 ", $-   , $-   ," $13,000,000 ",Financials,Property & Casualty Insurance
322,CL,Year 1,12/31/2012," $17,085,000,000 "," $7,153,000,000 "," $6,043,000,000 ", $-   , $-   ,Consumer Staples,Household Products
323,CL,Year 2,12/31/2013," $17,420,000,000 "," $7,219,000,000 "," $6,645,000,000 ", $-   , $-   ,Consumer Staples,Household Products
324,CL,Year 3,12/31/2014," $17,277,000,000 "," $7,168,000,000 "," $6,552,000,000 ", $-   , $-   ,Consumer Staples,Household Products
325,CL,Year 4,12/31/2015," $16,034,000,000 "," $6,635,000,000 "," $6,610,000,000 ", $-   , $-   ,Consumer Staples,Household Products
326,CLX,Year 1,6/30/2013," $5,533,000,000 "," $3,142,000,000 "," $1,291,000,000 "," $130,000,000 ", $-   ,Consumer Staples,Household Products
327,CLX,Year 2,6/30/2014," $5,514,000,000 "," $3,158,000,000 "," $1,254,000,000 "," $125,000,000 ", $-   ,Consumer Staples,Household Products
328,CLX,Year 3,6/30/2015," $5,655,000,000 "," $3,190,000,000 "," $1,321,000,000 "," $136,000,000 ", $-   ,Consumer Staples,Household Products
329,CLX,Year 4,6/30/2016," $5,761,000,000 "," $3,163,000,000 "," $1,393,000,000 "," $141,000,000 ", $-   ,Consumer Staples,Household Products
330,CMA,Year 1,12/31/2013," $2,666,000,000 "," $55,000,000 "," $1,670,000,000 ", $-   ," $46,000,000 ",Financials,Regional Banks
331,CMA,Year 2,12/31/2014," $2,607,000,000 "," $45,000,000 "," $1,611,000,000 ", $-   ," $27,000,000 ",Financials,Regional Banks
332,CMA,Year 3,12/31/2015," $2,819,000,000 "," $43,000,000 "," $1,859,000,000 ", $-   ," $147,000,000 ",Financials,Regional Banks
333,CMA,Year 4,12/31/2016," $2,960,000,000 "," $40,000,000 "," $1,836,000,000 ", $-   ," $248,000,000 ",Financials,Regional Banks
338,CMG,Year 1,12/31/2013," $3,214,591,000 "," $2,359,822,000 "," $203,733,000 ", $-   ," $96,054,000 ",Consumer Discretionary,Restaurants
339,CMG,Year 2,12/31/2014," $4,108,269,000 "," $2,990,513,000 "," $273,897,000 ", $-   ," $110,474,000 ",Consumer Discretionary,Restaurants
340,CMG,Year 3,12/31/2015," $4,501,223,000 "," $3,326,936,000 "," $250,214,000 ", $-   ," $130,368,000 ",Consumer Discretionary,Restaurants
341,CMG,Year 4,12/31/2016," $3,904,384,000 "," $3,406,170,000 "," $276,240,000 ", $-   ," $146,368,000 ",Consumer Discretionary,Restaurants
342,CMI,Year 1,12/31/2013," $17,301,000,000 "," $13,021,000,000 "," $1,827,000,000 "," $713,000,000 ", $-   ,Industrials,Industrial Machinery
343,CMI,Year 2,12/31/2014," $19,221,000,000 "," $14,360,000,000 "," $2,112,000,000 "," $754,000,000 ", $-   ,Industrials,Industrial Machinery
344,CMI,Year 3,12/31/2015," $19,110,000,000 "," $14,163,000,000 "," $2,169,000,000 "," $735,000,000 ", $-   ,Industrials,Industrial Machinery
345,CMI,Year 4,12/31/2016," $17,509,000,000 "," $13,057,000,000 "," $2,189,000,000 "," $636,000,000 ", $-   ,Industrials,Industrial Machinery
346,CMS,Year 1,12/31/2013," $6,566,000,000 "," $4,562,000,000 "," $234,000,000 ", $-   ," $628,000,000 ",Utilities,MultiUtilities
347,CMS,Year 2,12/31/2014," $7,179,000,000 "," $5,090,000,000 "," $252,000,000 ", $-   ," $685,000,000 ",Utilities,MultiUtilities
348,CMS,Year 3,12/31/2015," $6,456,000,000 "," $4,281,000,000 "," $262,000,000 ", $-   ," $750,000,000 ",Utilities,MultiUtilities
349,CMS,Year 4,12/31/2016," $6,399,000,000 "," $4,010,000,000 "," $281,000,000 ", $-   ," $811,000,000 ",Utilities,MultiUtilities
350,CNC,Year 1,12/31/2012," $8,110,000,000 "," $6,781,000,000 "," $1,105,000,000 ", $-   ," $88,000,000 ",Health Care,Managed Health Care
351,CNC,Year 2,12/31/2013," $10,863,000,000 "," $8,995,000,000 "," $1,264,000,000 ", $-   ," $327,000,000 ",Health Care,Managed Health Care
352,CNC,Year 3,12/31/2014," $16,560,000,000 "," $12,678,000,000 "," $2,012,000,000 ", $-   ," $1,406,000,000 ",Health Care,Managed Health Care
353,CNC,Year 4,12/31/2015," $22,760,000,000 "," $17,242,000,000 "," $2,977,000,000 ", $-   ," $1,836,000,000 ",Health Care,Managed Health Care
354,CNP,Year 1,12/31/2012," $7,452,000,000 "," $4,747,000,000 "," $365,000,000 ", $-   ," $1,050,000,000 ",Utilities,MultiUtilities
355,CNP,Year 2,12/31/2013," $8,106,000,000 "," $5,755,000,000 "," $387,000,000 ", $-   ," $954,000,000 ",Utilities,MultiUtilities
356,CNP,Year 3,12/31/2014," $9,226,000,000 "," $6,890,000,000 "," $388,000,000 ", $-   ," $1,013,000,000 ",Utilities,MultiUtilities
357,CNP,Year 4,12/31/2015," $7,386,000,000 "," $5,109,000,000 "," $374,000,000 ", $-   ," $970,000,000 ",Utilities,MultiUtilities
358,COF,Year 1,12/31/2012," $23,771,000,000 "," $1,403,000,000 "," $11,188,000,000 ", $-   ," $5,024,000,000 ",Financials,Consumer Finance
359,COF,Year 2,12/31/2013," $24,176,000,000 "," $1,241,000,000 "," $11,682,000,000 ", $-   ," $4,124,000,000 ",Financials,Consumer Finance
360,COF,Year 3,12/31/2014," $23,869,000,000 "," $1,088,000,000 "," $11,648,000,000 ", $-   ," $4,073,000,000 ",Financials,Consumer Finance
361,COF,Year 4,12/31/2015," $25,038,000,000 "," $1,091,000,000 "," $12,566,000,000 ", $-   ," $4,966,000,000 ",Financials,Consumer Finance
362,COG,Year 1,12/31/2012," $1,204,546,000 "," $290,054,000 "," $170,113,000 ", $-   ," $451,405,000 ",Energy,Oil & Gas Exploration & Production
363,COG,Year 2,12/31/2013," $1,746,278,000 "," $400,281,000 "," $147,651,000 ", $-   ," $651,052,000 ",Energy,Oil & Gas Exploration & Production
364,COG,Year 3,12/31/2014," $2,173,011,000 "," $524,880,000 "," $129,602,000 ", $-   ," $632,760,000 ",Energy,Oil & Gas Exploration & Production
365,COG,Year 4,12/31/2015," $1,357,150,000 "," $580,994,000 "," $112,253,000 ", $-   ," $622,211,000 ",Energy,Oil & Gas Exploration & Production
366,COL,Year 1,9/30/2013," $4,474,000,000 "," $3,103,000,000 "," $495,000,000 ", $-   , $-   ,Industrials,Industrial Conglomerates
367,COL,Year 2,9/30/2014," $4,979,000,000 "," $3,469,000,000 "," $594,000,000 ", $-   , $-   ,Industrials,Industrial Conglomerates
368,COL,Year 3,9/30/2015," $5,244,000,000 "," $3,630,000,000 "," $606,000,000 ", $-   , $-   ,Industrials,Industrial Conglomerates
369,COL,Year 4,9/30/2016," $5,259,000,000 "," $3,642,000,000 "," $638,000,000 ", $-   , $-   ,Industrials,Industrial Conglomerates
370,COO,Year 1,10/31/2013," $1,587,725,000 "," $560,917,000 "," $610,735,000 "," $58,827,000 "," $30,239,000 ",Health Care,Health Care Supplies
371,COO,Year 2,10/31/2014," $1,717,776,000 "," $626,206,000 "," $683,115,000 "," $66,259,000 "," $35,710,000 ",Health Care,Health Care Supplies
372,COO,Year 3,10/31/2015," $1,797,060,000 "," $726,798,000 "," $712,543,000 "," $69,589,000 "," $51,459,000 ",Health Care,Health Care Supplies
373,COO,Year 4,10/31/2016," $1,966,814,000 "," $793,735,000 "," $722,798,000 "," $65,411,000 "," $60,790,000 ",Health Care,Health Care Supplies
374,COST,Year 1,9/1/2013," $105,156,000,000 "," $91,948,000,000 "," $10,104,000,000 ", $-   , $-   ,Consumer Staples,Hypermarkets & Super Centers
375,COST,Year 2,8/31/2014," $112,640,000,000 "," $98,458,000,000 "," $10,899,000,000 ", $-   , $-   ,Consumer Staples,Hypermarkets & Super Centers
376,COST,Year 3,8/30/2015," $116,199,000,000 "," $101,065,000,000 "," $11,445,000,000 ", $-   , $-   ,Consumer Staples,Hypermarkets & Super Centers
377,COST,Year 4,8/28/2016," $118,719,000,000 "," $102,901,000,000 "," $12,068,000,000 ", $-   , $-   ,Consumer Staples,Hypermarkets & Super Centers
378,COTY,Year 1,6/30/2003," $1,577,000 "," $258,000 "," $2,410,000 "," $65,000 ", $-   ,Consumer Staples,Personal Products
379,COTY,Year 2,6/30/2004," $1,514,000 "," $142,000 "," $3,940,000 "," $30,000 "," $163,000 ",Consumer Staples,Personal Products
380,COTY,Year 3,2/28/2006," $79,562,000 "," $75,508,000 "," $15,359,000 ", $-   , $-   ,Consumer Staples,Personal Products
381,COTY,Year 4,2/28/2007," $99,642,000 "," $84,477,000 "," $25,853,000 ", $-   , $-   ,Consumer Staples,Personal Products
382,CPB,Year 1,7/28/2013," $8,052,000,000 "," $5,140,000,000 "," $1,653,000,000 "," $128,000,000 ", $-   ,Consumer Staples,Packaged Foods & Meats
383,CPB,Year 2,8/3/2014," $8,268,000,000 "," $5,297,000,000 "," $1,527,000,000 "," $122,000,000 ", $-   ,Consumer Staples,Packaged Foods & Meats
384,CPB,Year 3,8/2/2015," $8,082,000,000 "," $5,300,000,000 "," $1,509,000,000 "," $117,000,000 ", $-   ,Consumer Staples,Packaged Foods & Meats
385,CPB,Year 4,7/31/2016," $7,961,000,000 "," $5,181,000,000 "," $1,665,000,000 "," $124,000,000 ", $-   ,Consumer Staples,Packaged Foods & Meats
386,CRM,Year 1,1/31/2013," $3,050,195,000 "," $683,579,000 "," $2,047,847,000 "," $429,479,000 ", $-   ,Information Technology,Internet Software & Services
387,CRM,Year 2,1/31/2014," $4,071,003,000 "," $968,428,000 "," $2,764,851,000 "," $623,798,000 ", $-   ,Information Technology,Internet Software & Services
388,CRM,Year 3,1/31/2015," $5,373,586,000 "," $1,289,270,000 "," $3,437,032,000 "," $792,917,000 ", $-   ,Information Technology,Internet Software & Services
389,CRM,Year 4,1/31/2016," $6,667,216,000 "," $1,654,548,000 "," $3,951,445,000 "," $946,300,000 ", $-   ,Information Technology,Internet Software & Services
390,CSCO,Year 1,7/27/2013," $48,607,000,000 "," $19,167,000,000 "," $11,802,000,000 "," $5,942,000,000 "," $395,000,000 ",Information Technology,Networking Equipment
391,CSCO,Year 2,7/26/2014," $47,142,000,000 "," $19,373,000,000 "," $11,437,000,000 "," $6,294,000,000 "," $275,000,000 ",Information Technology,Networking Equipment
392,CSCO,Year 3,7/25/2015," $49,161,000,000 "," $19,480,000,000 "," $11,861,000,000 "," $6,207,000,000 "," $359,000,000 ",Information Technology,Networking Equipment
393,CSCO,Year 4,7/30/2016," $49,247,000,000 "," $18,287,000,000 "," $11,433,000,000 "," $6,296,000,000 "," $303,000,000 ",Information Technology,Networking Equipment
394,CSRA,Year 1,4/3/2015," $4,069,746,000 "," $3,282,301,000 "," $194,207,000 ", $-   ," $137,058,000 ",Information Technology,IT Consulting & Other Services
395,CSRA,Year 2,4/1/2016," $4,250,447,000 "," $3,575,631,000 "," $187,244,000 ", $-   ," $182,242,000 ",Information Technology,IT Consulting & Other Services
396,CSX,Year 1,12/31/2013," $12,026,000,000 "," $3,931,000,000 "," $3,518,000,000 ", $-   ," $1,104,000,000 ",Industrials,Railroads
397,CSX,Year 2,12/26/2014," $12,669,000,000 "," $4,100,000,000 "," $3,805,000,000 ", $-   ," $1,151,000,000 ",Industrials,Railroads
398,CSX,Year 3,12/25/2015," $11,811,000,000 "," $3,293,000,000 "," $3,726,000,000 ", $-   ," $1,208,000,000 ",Industrials,Railroads
399,CSX,Year 4,12/30/2016," $11,069,000,000 "," $2,782,000,000 "," $3,597,000,000 ", $-   ," $1,301,000,000 ",Industrials,Railroads
400,CTAS,Year 1,5/31/2013," $4,245,964,000 "," $2,492,655,000 "," $1,187,331,000 ", $-   , $-   ,Industrials,Diversified Support Services
401,CTAS,Year 2,5/31/2014," $4,193,844,000 "," $2,444,085,000 "," $1,147,039,000 ", $-   , $-   ,Industrials,Diversified Support Services
402,CTAS,Year 3,5/31/2015," $4,476,886,000 "," $2,555,549,000 "," $1,224,930,000 ", $-   , $-   ,Industrials,Diversified Support Services
403,CTAS,Year 4,5/31/2016," $4,905,458,000 "," $2,775,588,000 "," $1,348,122,000 ", $-   , $-   ,Industrials,Diversified Support Services
404,CTL,Year 1,12/31/2012," $18,376,000,000 "," $7,639,000,000 "," $3,244,000,000 ", $-   ," $4,780,000,000 ",Telecommunications Services,Integrated Telecommunications Services
405,CTL,Year 2,12/31/2013," $18,095,000,000 "," $7,507,000,000 "," $3,502,000,000 ", $-   ," $4,541,000,000 ",Telecommunications Services,Integrated Telecommunications Services
406,CTL,Year 3,12/31/2014," $18,031,000,000 "," $7,846,000,000 "," $3,347,000,000 ", $-   ," $4,428,000,000 ",Telecommunications Services,Integrated Telecommunications Services
407,CTL,Year 4,12/31/2015," $17,900,000,000 "," $7,778,000,000 "," $3,328,000,000 ", $-   ," $4,189,000,000 ",Telecommunications Services,Integrated Telecommunications Services
408,CTSH,Year 1,12/31/2012," $7,346,472,000 "," $4,278,241,000 "," $1,557,646,000 ", $-   ," $149,089,000 ",Information Technology,IT Consulting & Other Services
409,CTSH,Year 2,12/31/2013," $8,843,200,000 "," $5,265,500,000 "," $1,727,600,000 ", $-   ," $172,200,000 ",Information Technology,IT Consulting & Other Services
410,CTSH,Year 3,12/31/2014," $10,262,700,000 "," $6,141,100,000 "," $2,037,000,000 ", $-   ," $199,700,000 ",Information Technology,IT Consulting & Other Services
411,CTSH,Year 4,12/31/2015," $12,416,000,000 "," $7,440,200,000 "," $2,508,600,000 ", $-   ," $325,200,000 ",Information Technology,IT Consulting & Other Services
412,CTXS,Year 1,12/31/2013," $2,918,434,000 "," $502,795,000 "," $1,476,916,000 "," $516,338,000 "," $41,668,000 ",Information Technology,Internet Software & Services
413,CTXS,Year 2,12/31/2014," $3,142,856,000 "," $620,219,000 "," $1,600,187,000 "," $553,817,000 "," $39,577,000 ",Information Technology,Internet Software & Services
414,CTXS,Year 3,12/31/2015," $3,275,594,000 "," $614,364,000 "," $1,538,027,000 "," $563,975,000 "," $41,595,000 ",Information Technology,Internet Software & Services
415,CTXS,Year 4,12/31/2016," $3,418,265,000 "," $559,541,000 "," $1,620,006,000 "," $489,265,000 "," $29,173,000 ",Information Technology,Internet Software & Services
416,CVS,Year 1,12/31/2013," $126,761,000,000 "," $102,978,000,000 ", $-   , $-   , $-   ,Consumer Staples,Drug Retail
417,CVS,Year 2,12/31/2014," $139,367,000,000 "," $114,000,000,000 ", $-   , $-   , $-   ,Consumer Staples,Drug Retail
418,CVS,Year 3,12/31/2015," $153,290,000,000 "," $126,762,000,000 ", $-   , $-   , $-   ,Consumer Staples,Drug Retail
419,CVS,Year 4,12/31/2016," $177,526,000,000 "," $148,669,000,000 ", $-   , $-   , $-   ,Consumer Staples,Drug Retail
420,CVX,Year 1,12/31/2012," $230,590,000,000 "," $163,336,000,000 "," $17,100,000,000 ", $-   ," $13,413,000,000 ",Energy,Integrated Oil & Gas
421,CVX,Year 2,12/31/2013," $220,156,000,000 "," $159,323,000,000 "," $17,573,000,000 ", $-   ," $14,186,000,000 ",Energy,Integrated Oil & Gas
422,CVX,Year 3,12/31/2014," $200,494,000,000 "," $144,956,000,000 "," $17,034,000,000 ", $-   ," $16,793,000,000 ",Energy,Integrated Oil & Gas
423,CVX,Year 4,12/31/2015," $129,925,000,000 "," $92,785,000,000 "," $16,473,000,000 ", $-   ," $21,037,000,000 ",Energy,Integrated Oil & Gas
424,CXO,Year 1,12/31/2012," $1,819,814,000 "," $343,743,000 "," $133,796,000 ", $-   ," $579,315,000 ",Energy,Oil & Gas Exploration & Production
425,CXO,Year 2,12/31/2013," $2,319,919,000 "," $455,436,000 "," $169,815,000 ", $-   ," $778,655,000 ",Energy,Oil & Gas Exploration & Production
426,CXO,Year 3,12/31/2014," $2,660,147,000 "," $538,374,000 "," $204,161,000 ", $-   ," $986,812,000 ",Energy,Oil & Gas Exploration & Production
427,CXO,Year 4,12/31/2015," $1,803,573,000 "," $541,359,000 "," $230,734,000 ", $-   ," $1,230,853,000 ",Energy,Oil & Gas Exploration & Production
428,D,Year 1,12/31/2012," $12,835,000,000 "," $8,300,000,000 "," $550,000,000 ", $-   ," $1,127,000,000 ",Utilities,Electric Utilities
429,D,Year 2,12/31/2013," $13,120,000,000 "," $8,033,000,000 "," $563,000,000 ", $-   ," $1,208,000,000 ",Utilities,Electric Utilities
430,D,Year 3,12/31/2014," $12,436,000,000 "," $7,881,000,000 "," $542,000,000 ", $-   ," $1,292,000,000 ",Utilities,Electric Utilities
431,D,Year 4,12/31/2015," $11,683,000,000 "," $6,201,000,000 "," $551,000,000 ", $-   ," $1,395,000,000 ",Utilities,Electric Utilities
432,DAL,Year 1,12/31/2013," $37,773,000,000 "," $20,964,000,000 "," $11,349,000,000 ", $-   ," $1,658,000,000 ",Industrials,Airlines
433,DAL,Year 2,12/31/2014," $40,362,000,000 "," $22,967,000,000 "," $12,702,000,000 ", $-   ," $1,771,000,000 ",Industrials,Airlines
434,DAL,Year 3,12/31/2015," $40,704,000,000 "," $17,096,000,000 "," $13,936,000,000 ", $-   ," $1,835,000,000 ",Industrials,Airlines
435,DAL,Year 4,12/31/2016," $39,639,000,000 "," $15,940,000,000 "," $14,845,000,000 ", $-   ," $1,902,000,000 ",Industrials,Airlines
436,DD,Year 1,12/31/2013," $28,998,000,000 "," $17,642,000,000 "," $6,564,000,000 "," $2,037,000,000 ", $-   ,Materials,Diversified Chemicals
437,DD,Year 2,12/31/2014," $28,406,000,000 "," $17,023,000,000 "," $5,536,000,000 "," $1,958,000,000 ", $-   ,Materials,Diversified Chemicals
438,DD,Year 3,12/31/2015," $25,130,000,000 "," $15,112,000,000 "," $5,074,000,000 "," $1,898,000,000 ", $-   ,Materials,Diversified Chemicals
439,DD,Year 4,12/31/2016," $24,594,000,000 "," $14,469,000,000 "," $5,005,000,000 "," $1,641,000,000 ", $-   ,Materials,Diversified Chemicals
440,DE,Year 1,10/31/2013," $37,795,400,000 "," $25,667,300,000 "," $4,426,100,000 "," $1,477,300,000 ", $-   ,Industrials,Construction & Farm Machinery & Heavy Trucks
441,DE,Year 2,10/31/2014," $36,066,900,000 "," $24,775,800,000 "," $4,377,700,000 "," $1,452,000,000 ", $-   ,Industrials,Construction & Farm Machinery & Heavy Trucks
442,DE,Year 3,10/31/2015," $28,862,800,000 "," $20,143,200,000 "," $3,834,400,000 "," $1,425,100,000 ", $-   ,Industrials,Construction & Farm Machinery & Heavy Trucks
443,DE,Year 4,10/31/2016," $26,644,000,000 "," $18,248,900,000 "," $4,018,300,000 "," $1,389,100,000 ", $-   ,Industrials,Construction & Farm Machinery & Heavy Trucks
444,DFS,Year 1,11/30/2012," $8,984,000,000 "," $845,000,000 "," $3,052,000,000 ", $-   ," $848,000,000 ",Financials,Consumer Finance
445,DFS,Year 2,12/31/2013," $9,370,000,000 "," $698,000,000 "," $3,194,000,000 ", $-   ," $1,086,000,000 ",Financials,Consumer Finance
446,DFS,Year 3,12/31/2014," $9,611,000,000 "," $614,000,000 "," $3,340,000,000 ", $-   ," $1,443,000,000 ",Financials,Consumer Finance
447,DFS,Year 4,12/31/2015," $10,002,000,000 "," $623,000,000 "," $3,615,000,000 ", $-   ," $1,512,000,000 ",Financials,Consumer Finance
448,DG,Year 1,2/1/2013," $16,022,128,000 "," $10,936,727,000 "," $3,430,125,000 ", $-   , $-   ,Consumer Discretionary,General Merchandise Stores
449,DG,Year 2,1/31/2014," $17,504,167,000 "," $12,068,425,000 "," $3,699,557,000 ", $-   , $-   ,Consumer Discretionary,General Merchandise Stores
450,DG,Year 3,1/30/2015," $18,909,588,000 "," $13,107,081,000 "," $4,033,414,000 ", $-   , $-   ,Consumer Discretionary,General Merchandise Stores
451,DG,Year 4,1/29/2016," $20,368,562,000 "," $14,062,471,000 "," $4,365,797,000 ", $-   , $-   ,Consumer Discretionary,General Merchandise Stores
452,DGX,Year 1,12/31/2012," $7,383,000,000 "," $4,365,000,000 "," $1,742,000,000 ", $-   ," $75,000,000 ",Health Care,Health Care Facilities
453,DGX,Year 2,12/31/2013," $7,146,000,000 "," $4,326,000,000 "," $1,740,000,000 ", $-   ," $79,000,000 ",Health Care,Health Care Facilities
454,DGX,Year 3,12/31/2014," $7,435,000,000 "," $4,637,000,000 "," $1,721,000,000 ", $-   ," $94,000,000 ",Health Care,Health Care Facilities
455,DGX,Year 4,12/31/2015," $7,493,000,000 "," $4,657,000,000 "," $1,356,000,000 ", $-   ," $81,000,000 ",Health Care,Health Care Facilities
456,DHI,Year 1,9/30/2013," $6,259,300,000 "," $4,853,500,000 "," $649,900,000 ", $-   , $-   ,Consumer Discretionary,Homebuilding
457,DHI,Year 2,9/30/2014," $8,024,900,000 "," $6,268,600,000 "," $826,900,000 ", $-   , $-   ,Consumer Discretionary,Homebuilding
458,DHI,Year 3,9/30/2015," $10,824,000,000 "," $8,535,700,000 "," $1,003,000,000 ", $-   , $-   ,Consumer Discretionary,Homebuilding
459,DHI,Year 4,9/30/2016," $12,157,400,000 "," $9,502,600,000 "," $1,100,300,000 ", $-   , $-   ,Consumer Discretionary,Homebuilding
460,DHR,Year 1,12/31/2012," $18,260,400,000 "," $8,846,100,000 "," $5,181,200,000 "," $1,137,900,000 ", $-   ,Industrials,Industrial Conglomerates
461,DHR,Year 2,12/31/2013," $18,283,100,000 "," $8,941,100,000 "," $5,117,100,000 "," $1,104,400,000 ", $-   ,Industrials,Industrial Conglomerates
462,DHR,Year 3,12/31/2014," $19,154,000,000 "," $9,261,400,000 "," $5,389,000,000 "," $1,157,000,000 ", $-   ,Industrials,Industrial Conglomerates
463,DHR,Year 4,12/31/2015," $20,563,100,000 "," $9,800,600,000 "," $6,054,300,000 "," $1,239,100,000 ", $-   ,Industrials,Industrial Conglomerates
464,DIS,Year 1,9/28/2013," $45,041,000,000 "," $25,034,000,000 "," $8,365,000,000 ", $-   ," $2,192,000,000 ",Consumer Discretionary,Broadcasting & Cable TV
465,DIS,Year 2,9/27/2014," $48,813,000,000 "," $26,420,000,000 "," $8,565,000,000 ", $-   ," $2,288,000,000 ",Consumer Discretionary,Broadcasting & Cable TV
466,DIS,Year 3,10/3/2015," $52,465,000,000 "," $28,364,000,000 "," $8,523,000,000 ", $-   ," $2,354,000,000 ",Consumer Discretionary,Broadcasting & Cable TV
467,DIS,Year 4,10/1/2016," $55,632,000,000 "," $29,993,000,000 "," $8,754,000,000 ", $-   ," $2,527,000,000 ",Consumer Discretionary,Broadcasting & Cable TV
468,DISCA,Year 1,12/31/2013," $5,535,000,000 "," $1,689,000,000 "," $1,598,000,000 ", $-   ," $276,000,000 ",Consumer Discretionary,Cable & Satellite
469,DISCA,Year 2,12/31/2014," $6,265,000,000 "," $2,124,000,000 "," $1,692,000,000 ", $-   ," $329,000,000 ",Consumer Discretionary,Cable & Satellite
470,DISCA,Year 3,12/31/2015," $6,394,000,000 "," $2,343,000,000 "," $1,669,000,000 ", $-   ," $330,000,000 ",Consumer Discretionary,Cable & Satellite
471,DISCA,Year 4,12/31/2016," $6,497,000,000 "," $2,432,000,000 "," $1,690,000,000 ", $-   ," $322,000,000 ",Consumer Discretionary,Cable & Satellite
472,DISCK,Year 1,12/31/2013," $5,535,000,000 "," $1,689,000,000 "," $1,598,000,000 ", $-   ," $276,000,000 ",Consumer Discretionary,Cable & Satellite
473,DISCK,Year 2,12/31/2014," $6,265,000,000 "," $2,124,000,000 "," $1,692,000,000 ", $-   ," $329,000,000 ",Consumer Discretionary,Cable & Satellite
474,DISCK,Year 3,12/31/2015," $6,394,000,000 "," $2,343,000,000 "," $1,669,000,000 ", $-   ," $330,000,000 ",Consumer Discretionary,Cable & Satellite
475,DISCK,Year 4,12/31/2016," $6,497,000,000 "," $2,432,000,000 "," $1,690,000,000 ", $-   ," $322,000,000 ",Consumer Discretionary,Cable & Satellite
476,DLPH,Year 1,12/31/2013," $15,051,000,000 "," $12,274,000,000 "," $916,000,000 ", $-   ," $97,000,000 ",Consumer Discretionary,Auto Parts & Equipment
477,DLPH,Year 2,12/31/2014," $15,499,000,000 "," $12,471,000,000 "," $1,036,000,000 ", $-   ," $94,000,000 ",Consumer Discretionary,Auto Parts & Equipment
478,DLPH,Year 3,12/31/2015," $15,165,000,000 "," $12,155,000,000 "," $1,017,000,000 ", $-   ," $93,000,000 ",Consumer Discretionary,Auto Parts & Equipment
479,DLPH,Year 4,12/31/2016," $16,661,000,000 "," $13,107,000,000 "," $1,145,000,000 ", $-   ," $134,000,000 ",Consumer Discretionary,Auto Parts & Equipment
480,DLR,Year 1,12/31/2012," $1,279,067,000 "," $461,898,000 "," $68,538,000 ", $-   ," $382,553,000 ",Real Estate,Specialized REITs
481,DLR,Year 2,12/31/2013," $1,482,259,000 "," $555,660,000 "," $69,323,000 ", $-   ," $475,464,000 ",Real Estate,Specialized REITs
482,DLR,Year 3,12/31/2014," $1,616,438,000 "," $603,321,000 "," $89,468,000 ", $-   ," $538,513,000 ",Real Estate,Specialized REITs
483,DLR,Year 4,12/31/2015," $1,763,336,000 "," $651,282,000 "," $139,616,000 ", $-   ," $570,527,000 ",Real Estate,Specialized REITs
484,DLTR,Year 1,2/2/2013," $7,394,500,000 "," $4,741,800,000 "," $1,732,600,000 ", $-   , $-   ,Consumer Discretionary,General Merchandise Stores
485,DLTR,Year 2,2/1/2014," $7,840,300,000 "," $5,050,500,000 "," $1,819,500,000 ", $-   , $-   ,Consumer Discretionary,General Merchandise Stores
486,DLTR,Year 3,1/31/2015," $8,602,200,000 "," $5,568,200,000 "," $1,993,800,000 ", $-   , $-   ,Consumer Discretionary,General Merchandise Stores
487,DLTR,Year 4,1/30/2016," $15,498,400,000 "," $10,841,700,000 "," $3,607,000,000 ", $-   , $-   ,Consumer Discretionary,General Merchandise Stores
488,DNB,Year 1,12/31/2012," $1,663,000,000 ", $-   ," $1,123,200,000 ", $-   ," $78,300,000 ",Industrials,Research & Consulting Services
489,DNB,Year 2,12/31/2013," $1,558,400,000 ", $-   ," $1,058,000,000 ", $-   ," $60,400,000 ",Industrials,Research & Consulting Services
490,DNB,Year 3,12/31/2014," $1,584,500,000 ", $-   ," $1,105,700,000 ", $-   ," $52,500,000 ",Industrials,Research & Consulting Services
491,DNB,Year 4,12/31/2015," $1,637,100,000 ", $-   ," $1,209,100,000 ", $-   ," $58,700,000 ",Industrials,Research & Consulting Services
492,DOV,Year 1,12/31/2013," $7,155,096,000 "," $4,376,505,000 "," $1,616,921,000 ", $-   , $-   ,Industrials,Industrial Machinery
493,DOV,Year 2,12/31/2014," $7,752,728,000 "," $4,778,479,000 "," $1,758,765,000 ", $-   , $-   ,Industrials,Industrial Machinery
494,DOV,Year 3,12/31/2015," $6,956,311,000 "," $4,388,167,000 "," $1,647,382,000 ", $-   , $-   ,Industrials,Industrial Machinery
495,DOV,Year 4,12/31/2016," $6,794,342,000 "," $4,322,373,000 "," $1,757,523,000 ", $-   , $-   ,Industrials,Industrial Machinery
496,DPS,Year 1,12/31/2013," $5,997,000,000 "," $2,499,000,000 "," $2,337,000,000 ", $-   ," $115,000,000 ",Consumer Staples,Soft Drinks
497,DPS,Year 2,12/31/2014," $6,121,000,000 "," $2,491,000,000 "," $2,335,000,000 ", $-   ," $115,000,000 ",Consumer Staples,Soft Drinks
498,DPS,Year 3,12/31/2015," $6,282,000,000 "," $2,559,000,000 "," $2,320,000,000 ", $-   ," $105,000,000 ",Consumer Staples,Soft Drinks
499,DPS,Year 4,12/31/2016," $6,440,000,000 "," $2,582,000,000 "," $2,326,000,000 ", $-   ," $99,000,000 ",Consumer Staples,Soft Drinks
500,DRI,Year 1,5/26/2013," $5,921,000,000 "," $4,616,600,000 "," $625,200,000 ", $-   ," $278,300,000 ",Consumer Discretionary,Restaurants
501,DRI,Year 2,5/25/2014," $6,285,600,000 "," $4,990,500,000 "," $665,400,000 ", $-   ," $304,400,000 ",Consumer Discretionary,Restaurants
502,DRI,Year 3,5/31/2015," $6,764,000,000 "," $5,341,500,000 "," $673,500,000 ", $-   ," $319,300,000 ",Consumer Discretionary,Restaurants
503,DRI,Year 4,5/29/2016," $6,933,500,000 "," $5,392,400,000 "," $622,900,000 ", $-   ," $290,200,000 ",Consumer Discretionary,Restaurants
504,DUK,Year 1,12/31/2012," $17,912,000,000 "," $11,235,000,000 "," $965,000,000 ", $-   ," $2,145,000,000 ",Utilities,Electric Utilities
505,DUK,Year 2,12/31/2013," $22,756,000,000 "," $13,545,000,000 "," $1,274,000,000 ", $-   ," $2,668,000,000 ",Utilities,Electric Utilities
506,DUK,Year 3,12/31/2014," $23,925,000,000 "," $14,323,000,000 "," $1,213,000,000 ", $-   ," $3,066,000,000 ",Utilities,Electric Utilities
507,DUK,Year 4,12/31/2015," $23,459,000,000 "," $13,728,000,000 "," $1,135,000,000 ", $-   ," $3,144,000,000 ",Utilities,Electric Utilities
508,DVA,Year 1,12/31/2012," $8,186,280,000 "," $5,583,549,000 "," $889,879,000 ", $-   ," $341,969,000 ",Health Care,Health Care Facilities
509,DVA,Year 2,12/31/2013," $11,764,050,000 "," $8,198,377,000 "," $1,516,508,000 ", $-   ," $528,737,000 ",Health Care,Health Care Facilities
510,DVA,Year 3,12/31/2014," $12,795,106,000 "," $9,119,305,000 "," $1,278,506,000 ", $-   ," $590,935,000 ",Health Care,Health Care Facilities
511,DVA,Year 4,12/31/2015," $13,781,837,000 "," $9,824,834,000 "," $1,947,135,000 ", $-   ," $638,024,000 ",Health Care,Health Care Facilities
512,DVN,Year 1,12/31/2013," $10,397,000,000 "," $2,268,000,000 "," $2,743,000,000 ", $-   ," $2,780,000,000 ",Energy,Oil & Gas Exploration & Production
513,DVN,Year 2,12/31/2014," $20,638,000,000 "," $2,332,000,000 "," $8,290,000,000 ", $-   ," $3,319,000,000 ",Energy,Oil & Gas Exploration & Production
514,DVN,Year 3,12/31/2015," $13,145,000,000 "," $2,104,000,000 "," $7,741,000,000 ", $-   ," $3,129,000,000 ",Energy,Oil & Gas Exploration & Production
515,DVN,Year 4,12/31/2016," $12,197,000,000 "," $1,582,000,000 "," $6,476,000,000 ", $-   ," $1,792,000,000 ",Energy,Oil & Gas Exploration & Production
516,EA,Year 1,3/31/2013," $3,797,000,000 "," $1,388,000,000 "," $1,078,000,000 "," $1,153,000,000 "," $30,000,000 ",Information Technology,Home Entertainment Software
517,EA,Year 2,3/31/2014," $3,575,000,000 "," $1,347,000,000 "," $1,055,000,000 "," $1,125,000,000 "," $16,000,000 ",Information Technology,Home Entertainment Software
518,EA,Year 3,3/31/2015," $4,515,000,000 "," $1,429,000,000 "," $1,030,000,000 "," $1,094,000,000 "," $14,000,000 ",Information Technology,Home Entertainment Software
519,EA,Year 4,3/31/2016," $4,396,000,000 "," $1,354,000,000 "," $1,028,000,000 "," $1,109,000,000 "," $7,000,000 ",Information Technology,Home Entertainment Software
520,EBAY,Year 1,12/31/2013," $8,257,000,000 "," $1,492,000,000 "," $3,260,000,000 "," $915,000,000 "," $136,000,000 ",Information Technology,Internet Software & Services
521,EBAY,Year 2,12/31/2014," $8,790,000,000 "," $1,663,000,000 "," $3,593,000,000 "," $983,000,000 "," $75,000,000 ",Information Technology,Internet Software & Services
522,EBAY,Year 3,12/31/2015," $8,592,000,000 "," $1,771,000,000 "," $3,660,000,000 "," $923,000,000 "," $41,000,000 ",Information Technology,Internet Software & Services
523,EBAY,Year 4,12/31/2016," $8,979,000,000 "," $2,007,000,000 "," $3,499,000,000 "," $1,114,000,000 "," $34,000,000 ",Information Technology,Internet Software & Services
524,ECL,Year 1,12/31/2012," $11,838,700,000 "," $6,385,400,000 "," $4,018,300,000 ", $-   , $-   ,Materials,Specialty Chemicals
525,ECL,Year 2,12/31/2013," $13,253,400,000 "," $7,161,200,000 "," $4,360,300,000 ", $-   , $-   ,Materials,Specialty Chemicals
526,ECL,Year 3,12/31/2014," $14,280,500,000 "," $7,679,100,000 "," $4,577,600,000 ", $-   , $-   ,Materials,Specialty Chemicals
527,ECL,Year 4,12/31/2015," $13,545,100,000 "," $7,223,500,000 "," $4,345,500,000 ", $-   , $-   ,Materials,Specialty Chemicals
528,ED,Year 1,12/31/2013," $12,354,000,000 "," $7,191,000,000 "," $1,895,000,000 ", $-   ," $1,024,000,000 ",Utilities,Electric Utilities
529,ED,Year 2,12/31/2014," $12,919,000,000 "," $7,807,000,000 "," $1,877,000,000 ", $-   ," $1,071,000,000 ",Utilities,Electric Utilities
530,ED,Year 3,12/31/2015," $12,554,000,000 "," $7,060,000,000 "," $1,937,000,000 ", $-   ," $1,130,000,000 ",Utilities,Electric Utilities
531,ED,Year 4,12/31/2016," $12,075,000,000 "," $6,357,000,000 "," $2,031,000,000 ", $-   ," $1,216,000,000 ",Utilities,Electric Utilities
532,EFX,Year 1,12/31/2012," $2,073,000,000 "," $759,500,000 "," $673,500,000 ", $-   ," $160,000,000 ",Industrials,Research & Consulting Services
533,EFX,Year 2,12/31/2013," $2,303,900,000 "," $787,300,000 "," $715,800,000 ", $-   ," $189,600,000 ",Industrials,Research & Consulting Services
534,EFX,Year 3,12/31/2014," $2,436,400,000 "," $844,700,000 "," $751,700,000 ", $-   ," $201,800,000 ",Industrials,Research & Consulting Services
535,EFX,Year 4,12/31/2015," $2,663,600,000 "," $887,400,000 "," $884,300,000 ", $-   ," $198,000,000 ",Industrials,Research & Consulting Services
536,EIX,Year 1,12/31/2012," $11,862,000,000 "," $7,747,000,000 "," $296,000,000 ", $-   ," $1,562,000,000 ",Utilities,Electric Utilities
537,EIX,Year 2,12/31/2013," $12,581,000,000 "," $8,364,000,000 "," $309,000,000 ", $-   ," $1,622,000,000 ",Utilities,Electric Utilities
538,EIX,Year 3,12/31/2014," $13,413,000,000 "," $8,742,000,000 "," $322,000,000 ", $-   ," $1,720,000,000 ",Utilities,Electric Utilities
539,EIX,Year 4,12/31/2015," $11,524,000,000 "," $7,256,000,000 "," $336,000,000 ", $-   ," $1,919,000,000 ",Utilities,Electric Utilities
540,EL,Year 1,6/30/2013," $10,181,700,000 "," $2,025,900,000 "," $6,597,000,000 ", $-   , $-   ,Consumer Staples,Personal Products
541,EL,Year 2,6/30/2014," $10,968,800,000 "," $2,158,200,000 "," $6,985,900,000 ", $-   , $-   ,Consumer Staples,Personal Products
542,EL,Year 3,6/30/2015," $10,780,400,000 "," $2,100,600,000 "," $7,073,500,000 ", $-   , $-   ,Consumer Staples,Personal Products
543,EL,Year 4,6/30/2016," $11,262,300,000 "," $2,181,100,000 "," $7,337,800,000 ", $-   , $-   ,Consumer Staples,Personal Products
544,EMN,Year 1,12/31/2012," $8,102,000,000 "," $6,340,000,000 "," $644,000,000 "," $198,000,000 ", $-   ,Materials,Diversified Chemicals
545,EMN,Year 2,12/31/2013," $9,350,000,000 "," $6,574,000,000 "," $645,000,000 "," $193,000,000 ", $-   ,Materials,Diversified Chemicals
546,EMN,Year 3,12/31/2014," $9,527,000,000 "," $7,306,000,000 "," $755,000,000 "," $227,000,000 ", $-   ,Materials,Diversified Chemicals
547,EMN,Year 4,12/31/2015," $9,648,000,000 "," $7,068,000,000 "," $762,000,000 "," $251,000,000 ", $-   ,Materials,Diversified Chemicals
548,EMR,Year 1,9/30/2013," $24,669,000,000 "," $14,717,000,000 "," $6,010,000,000 ", $-   , $-   ,Industrials,Industrial Conglomerates
549,EMR,Year 2,9/30/2014," $17,733,000,000 "," $9,971,000,000 "," $4,375,000,000 ", $-   , $-   ,Industrials,Industrial Conglomerates
550,EMR,Year 3,9/30/2015," $16,249,000,000 "," $9,241,000,000 "," $4,065,000,000 ", $-   , $-   ,Industrials,Industrial Conglomerates
551,EMR,Year 4,9/30/2016," $14,522,000,000 "," $8,260,000,000 "," $3,758,000,000 ", $-   , $-   ,Industrials,Industrial Conglomerates
552,EOG,Year 1,12/31/2012," $11,682,636,000 "," $1,699,428,000 "," $3,862,434,000 ", $-   ," $3,169,703,000 ",Energy,Oil & Gas Exploration & Production
553,EOG,Year 2,12/31/2013," $14,487,118,000 "," $2,066,893,000 "," $4,621,096,000 ", $-   ," $3,600,976,000 ",Energy,Oil & Gas Exploration & Production
554,EOG,Year 3,12/31/2014," $18,035,340,000 "," $2,534,389,000 "," $5,285,634,000 ", $-   ," $3,997,041,000 ",Energy,Oil & Gas Exploration & Production
555,EOG,Year 4,12/31/2015," $8,757,428,000 "," $2,177,757,000 "," $3,174,320,000 ", $-   ," $3,313,644,000 ",Energy,Oil & Gas Exploration & Production
556,EQIX,Year 1,12/31/2012," $1,887,376,000 "," $944,617,000 "," $531,180,000 ", $-   , $-   ,Real Estate,REITs
557,EQIX,Year 2,12/31/2013," $2,152,766,000 "," $1,064,403,000 "," $621,413,000 ", $-   , $-   ,Real Estate,REITs
558,EQIX,Year 3,12/31/2014," $2,443,776,000 "," $1,197,885,000 "," $734,119,000 ", $-   , $-   ,Real Estate,REITs
559,EQIX,Year 4,12/31/2015," $2,725,867,000 "," $1,291,506,000 "," $825,296,000 ", $-   , $-   ,Real Estate,REITs
560,EQR,Year 1,12/31/2012," $1,747,502,000 "," $625,507,000 "," $47,233,000 ", $-   ," $560,669,000 ",Real Estate,REITs
561,EQR,Year 2,12/31/2013," $2,387,702,000 "," $834,228,000 "," $62,179,000 ", $-   ," $978,973,000 ",Real Estate,REITs
562,EQR,Year 3,12/31/2014," $2,614,748,000 "," $883,564,000 "," $50,948,000 ", $-   ," $758,861,000 ",Real Estate,REITs
563,EQR,Year 4,12/31/2015," $2,744,965,000 "," $905,168,000 "," $65,082,000 ", $-   ," $765,895,000 ",Real Estate,REITs
564,EQT,Year 1,12/31/2013," $1,859,177,000 "," $354,561,000 "," $200,849,000 ", $-   ," $653,132,000 ",Energy,Oil & Gas Exploration & Production
565,EQT,Year 2,12/31/2014," $2,388,768,000 "," $443,974,000 "," $238,134,000 ", $-   ," $679,298,000 ",Energy,Oil & Gas Exploration & Production
566,EQT,Year 3,12/31/2015," $1,954,000,000 "," $523,043,000 "," $249,925,000 ", $-   ," $819,216,000 ",Energy,Oil & Gas Exploration & Production
567,EQT,Year 4,12/31/2016," $1,857,339,000 "," $613,909,000 "," $272,747,000 ", $-   ," $927,920,000 ",Energy,Oil & Gas Exploration & Production
568,ES,Year 1,12/31/2012," $6,273,787,000 "," $3,667,434,000 "," $747,356,000 ", $-   ," $740,791,000 ",Utilities,MultiUtilities
569,ES,Year 2,12/31/2013," $7,301,204,000 "," $3,997,940,000 "," $914,149,000 ", $-   ," $859,680,000 ",Utilities,MultiUtilities
570,ES,Year 3,12/31/2014," $7,741,856,000 "," $4,449,139,000 "," $1,034,507,000 ", $-   ," $625,361,000 ",Utilities,MultiUtilities
571,ES,Year 4,12/31/2015," $7,954,827,000 "," $4,416,194,000 "," $1,086,274,000 ", $-   ," $688,195,000 ",Utilities,MultiUtilities
572,ESS,Year 1,12/31/2012," $535,153,000 "," $172,167,000 "," $24,573,000 ", $-   ," $169,173,000 ",Real Estate,Residential REITs
573,ESS,Year 2,12/31/2013," $610,590,000 "," $197,336,000 "," $26,684,000 ", $-   ," $192,420,000 ",Real Estate,Residential REITs
574,ESS,Year 3,12/31/2014," $970,938,000 "," $312,546,000 "," $40,878,000 ", $-   ," $360,592,000 ",Real Estate,Residential REITs
575,ESS,Year 4,12/31/2015," $1,194,407,000 "," $363,508,000 "," $40,090,000 ", $-   ," $453,423,000 ",Real Estate,Residential REITs
576,ETFC,Year 1,12/31/2012," $1,365,000,000 ", $-   ," $921,000,000 ", $-   ," $471,000,000 ",Financials,Investment Banking & Brokerage
577,ETFC,Year 2,12/31/2013," $1,466,000,000 ", $-   ," $888,000,000 ", $-   ," $256,000,000 ",Financials,Investment Banking & Brokerage
578,ETFC,Year 3,12/31/2014," $1,665,000,000 ", $-   ," $958,000,000 ", $-   ," $136,000,000 ",Financials,Investment Banking & Brokerage
579,ETFC,Year 4,12/31/2015," $1,403,000,000 ", $-   ," $1,048,000,000 ", $-   ," $61,000,000 ",Financials,Investment Banking & Brokerage
580,ETN,Year 1,12/31/2012," $16,311,000,000 "," $11,448,000,000 "," $2,894,000,000 "," $439,000,000 ", $-   ,Industrials,Industrial Conglomerates
581,ETN,Year 2,12/31/2013," $22,046,000,000 "," $15,369,000,000 "," $3,886,000,000 "," $644,000,000 ", $-   ,Industrials,Industrial Conglomerates
582,ETN,Year 3,12/31/2014," $22,552,000,000 "," $15,646,000,000 "," $3,810,000,000 "," $647,000,000 ", $-   ,Industrials,Industrial Conglomerates
583,ETN,Year 4,12/31/2015," $20,855,000,000 "," $14,292,000,000 "," $3,596,000,000 "," $625,000,000 ", $-   ,Industrials,Industrial Conglomerates
584,ETR,Year 1,12/31/2012," $10,302,079,000 "," $6,583,627,000 "," $917,162,000 ", $-   ," $1,144,585,000 ",Utilities,Electric Utilities
585,ETR,Year 2,12/31/2013," $11,390,947,000 "," $7,588,885,000 "," $888,051,000 ", $-   ," $1,261,044,000 ",Utilities,Electric Utilities
586,ETR,Year 3,12/31/2014," $12,494,921,000 "," $8,126,187,000 "," $863,455,000 ", $-   ," $1,318,638,000 ",Utilities,Electric Utilities
587,ETR,Year 4,12/31/2015," $11,513,251,000 "," $7,449,273,000 "," $1,074,998,000 ", $-   ," $1,337,276,000 ",Utilities,Electric Utilities
588,EW,Year 1,12/31/2012," $1,899,600,000 "," $491,000,000 "," $697,400,000 "," $291,300,000 ", $-   ,Health Care,Health Care Equipment
589,EW,Year 2,12/31/2013," $2,045,500,000 "," $516,600,000 "," $749,700,000 "," $323,000,000 ", $-   ,Health Care,Health Care Equipment
590,EW,Year 3,12/31/2014," $2,322,900,000 "," $625,600,000 "," $928,700,000 "," $346,500,000 ", $-   ,Health Care,Health Care Equipment
591,EW,Year 4,12/31/2015," $2,493,700,000 "," $617,200,000 "," $850,700,000 "," $383,100,000 ", $-   ,Health Care,Health Care Equipment
592,EXC,Year 1,12/31/2013," $24,888,000,000 "," $17,994,000,000 "," $1,095,000,000 ", $-   ," $2,153,000,000 ",Utilities,MultiUtilities
593,EXC,Year 2,12/31/2014," $27,429,000,000 "," $21,571,000,000 "," $1,154,000,000 ", $-   ," $2,314,000,000 ",Utilities,MultiUtilities
594,EXC,Year 3,12/31/2015," $29,447,000,000 "," $21,406,000,000 "," $1,200,000,000 ", $-   ," $2,450,000,000 ",Utilities,MultiUtilities
595,EXC,Year 4,12/31/2016," $31,360,000,000 "," $22,688,000,000 "," $1,576,000,000 ", $-   ," $3,936,000,000 ",Utilities,MultiUtilities
596,EXPD,Year 1,12/31/2012," $5,992,215,000 "," $4,156,845,000 "," $1,264,632,000 ", $-   ," $39,940,000 ",Industrials,Air Freight & Logistics
597,EXPD,Year 2,12/31/2013," $6,080,257,000 "," $4,197,404,000 "," $1,282,709,000 ", $-   ," $48,071,000 ",Industrials,Air Freight & Logistics
598,EXPD,Year 3,12/31/2014," $6,564,721,000 "," $4,583,294,000 "," $1,337,487,000 ", $-   ," $49,292,000 ",Industrials,Air Freight & Logistics
599,EXPD,Year 4,12/31/2015," $6,616,632,000 "," $4,428,855,000 "," $1,420,281,000 ", $-   ," $46,012,000 ",Industrials,Air Freight & Logistics
600,EXPE,Year 1,12/31/2013," $4,771,259,000 "," $1,038,034,000 "," $3,151,043,000 ", $-   ," $71,731,000 ",Consumer Discretionary,Internet & Direct Marketing Retail
601,EXPE,Year 2,12/31/2014," $5,763,485,000 "," $1,179,081,000 "," $3,919,856,000 ", $-   ," $76,773,000 ",Consumer Discretionary,Internet & Direct Marketing Retail
602,EXPE,Year 3,12/31/2015," $6,672,317,000 "," $1,309,559,000 "," $4,785,243,000 ", $-   ," $156,458,000 ",Consumer Discretionary,Internet & Direct Marketing Retail
603,EXPE,Year 4,12/31/2016," $8,773,564,000 "," $1,596,698,000 "," $6,280,728,000 ", $-   ," $317,141,000 ",Consumer Discretionary,Internet & Direct Marketing Retail
604,EXR,Year 1,12/31/2012," $409,396,000 "," $114,028,000 "," $58,323,000 ", $-   ," $74,453,000 ",Real Estate,Specialized REITs
605,EXR,Year 2,12/31/2013," $520,613,000 "," $140,012,000 "," $63,268,000 ", $-   ," $95,232,000 ",Real Estate,Specialized REITs
606,EXR,Year 3,12/31/2014," $647,155,000 "," $172,416,000 "," $71,369,000 ", $-   ," $115,076,000 ",Real Estate,Specialized REITs
607,EXR,Year 4,12/31/2015," $782,270,000 "," $203,965,000 "," $80,791,000 ", $-   ," $133,457,000 ",Real Estate,Specialized REITs
608,F,Year 1,12/31/2013," $146,917,000,000 "," $123,050,000,000 "," $10,850,000,000 ", $-   , $-   ,Consumer Discretionary,Automobile Manufacturers
609,F,Year 2,12/31/2014," $144,077,000,000 "," $131,903,000,000 "," $11,842,000,000 ", $-   , $-   ,Consumer Discretionary,Automobile Manufacturers
610,F,Year 3,12/31/2015," $149,558,000,000 "," $131,409,000,000 "," $10,502,000,000 ", $-   , $-   ,Consumer Discretionary,Automobile Manufacturers
611,F,Year 4,12/31/2016," $151,800,000,000 "," $135,488,000,000 "," $12,196,000,000 ", $-   , $-   ,Consumer Discretionary,Automobile Manufacturers
612,FAST,Year 1,12/31/2013," $3,326,106,000 "," $1,606,661,000 "," $1,007,431,000 ", $-   , $-   ,Industrials,Building Products
613,FAST,Year 2,12/31/2014," $3,733,507,000 "," $1,836,105,000 "," $1,110,776,000 ", $-   , $-   ,Industrials,Building Products
614,FAST,Year 3,12/31/2015," $3,869,187,000 "," $1,920,253,000 "," $1,121,590,000 ", $-   , $-   ,Industrials,Building Products
615,FAST,Year 4,12/31/2016," $3,962,036,000 "," $1,997,259,000 "," $1,169,470,000 ", $-   , $-   ,Industrials,Building Products
616,FB,Year 1,12/31/2013," $7,872,000,000 "," $1,875,000,000 "," $1,778,000,000 "," $1,415,000,000 ", $-   ,Information Technology,Internet Software & Services
617,FB,Year 2,12/31/2014," $12,466,000,000 "," $2,153,000,000 "," $2,653,000,000 "," $2,666,000,000 ", $-   ,Information Technology,Internet Software & Services
618,FB,Year 3,12/31/2015," $17,928,000,000 "," $2,867,000,000 "," $4,020,000,000 "," $4,816,000,000 ", $-   ,Information Technology,Internet Software & Services
619,FB,Year 4,12/31/2016," $27,638,000,000 "," $3,789,000,000 "," $5,503,000,000 "," $5,919,000,000 ", $-   ,Information Technology,Internet Software & Services
620,FBHS,Year 1,12/31/2012," $3,134,800,000 "," $2,093,200,000 "," $873,100,000 ", $-   ," $7,400,000 ",Industrials,Building Products
621,FBHS,Year 2,12/31/2013," $3,703,600,000 "," $2,408,500,000 "," $938,700,000 ", $-   ," $9,400,000 ",Industrials,Building Products
622,FBHS,Year 3,12/31/2014," $4,013,600,000 "," $2,646,700,000 "," $943,300,000 ", $-   ," $13,100,000 ",Industrials,Building Products
623,FBHS,Year 4,12/31/2015," $4,579,400,000 "," $2,997,500,000 "," $1,047,600,000 ", $-   ," $21,600,000 ",Industrials,Building Products
624,FCX,Year 1,12/31/2012," $18,010,000,000 "," $11,561,000,000 "," $431,000,000 "," $285,000,000 ", $-   ,Materials,Copper
625,FCX,Year 2,12/31/2013," $20,921,000,000 "," $14,637,000,000 "," $657,000,000 "," $210,000,000 ", $-   ,Materials,Copper
626,FCX,Year 3,12/31/2014," $21,438,000,000 "," $19,504,000,000 "," $592,000,000 "," $126,000,000 ", $-   ,Materials,Copper
627,FCX,Year 4,12/31/2015," $15,877,000,000 "," $28,524,000,000 "," $569,000,000 "," $127,000,000 ", $-   ,Materials,Copper
628,FDX,Year 1,5/31/2013," $44,287,000,000 "," $16,448,000,000 "," $20,359,000,000 ", $-   ," $2,386,000,000 ",Industrials,Air Freight & Logistics
629,FDX,Year 2,5/31/2014," $45,567,000,000 "," $17,052,000,000 "," $22,113,000,000 ", $-   ," $2,587,000,000 ",Industrials,Air Freight & Logistics
630,FDX,Year 3,5/31/2015," $47,453,000,000 "," $16,984,000,000 "," $25,715,000,000 ", $-   ," $2,611,000,000 ",Industrials,Air Freight & Logistics
631,FDX,Year 4,5/31/2016," $50,365,000,000 "," $17,327,000,000 "," $27,330,000,000 ", $-   ," $2,631,000,000 ",Industrials,Air Freight & Logistics
632,FE,Year 1,12/31/2012," $15,255,000,000 "," $6,717,000,000 "," $5,353,000,000 ", $-   ," $1,051,000,000 ",Utilities,Electric Utilities
633,FE,Year 2,12/31/2013," $14,892,000,000 "," $6,459,000,000 "," $4,315,000,000 ", $-   ," $1,741,000,000 ",Utilities,Electric Utilities
634,FE,Year 3,12/31/2014," $15,049,000,000 "," $6,996,000,000 "," $5,759,000,000 ", $-   ," $1,232,000,000 ",Utilities,Electric Utilities
635,FE,Year 4,12/31/2015," $15,026,000,000 "," $6,173,000,000 "," $4,969,000,000 ", $-   ," $1,550,000,000 ",Utilities,Electric Utilities
636,FFIV,Year 1,9/30/2013," $1,481,314,000 "," $253,047,000 "," $587,835,000 "," $209,614,000 ", $-   ,Information Technology,Networking Equipment
637,FFIV,Year 2,9/30/2014," $1,732,046,000 "," $309,959,000 "," $664,738,000 "," $263,792,000 ", $-   ,Information Technology,Networking Equipment
638,FFIV,Year 3,9/30/2015," $1,919,823,000 "," $332,261,000 "," $738,080,000 "," $296,583,000 ", $-   ,Information Technology,Networking Equipment
639,FFIV,Year 4,9/30/2016," $1,995,034,000 "," $337,205,000 "," $767,174,000 "," $334,227,000 ", $-   ,Information Technology,Networking Equipment
640,FIS,Year 1,12/31/2012," $5,795,800,000 "," $3,956,200,000 "," $763,300,000 ", $-   , $-   ,Information Technology,Internet Software & Services
641,FIS,Year 2,12/31/2013," $6,063,400,000 "," $4,092,700,000 "," $907,800,000 ", $-   , $-   ,Information Technology,Internet Software & Services
642,FIS,Year 3,12/31/2014," $6,413,800,000 "," $4,328,300,000 "," $814,900,000 ", $-   , $-   ,Information Technology,Internet Software & Services
643,FIS,Year 4,12/31/2015," $6,595,200,000 "," $4,393,200,000 "," $1,102,800,000 ", $-   , $-   ,Information Technology,Internet Software & Services
644,FISV,Year 1,12/31/2012," $4,436,000,000 "," $2,564,000,000 "," $824,000,000 ", $-   , $-   ,Information Technology,Internet Software & Services
645,FISV,Year 2,12/31/2013," $4,814,000,000 "," $2,776,000,000 "," $977,000,000 ", $-   , $-   ,Information Technology,Internet Software & Services
646,FISV,Year 3,12/31/2014," $5,066,000,000 "," $2,881,000,000 "," $975,000,000 ", $-   , $-   ,Information Technology,Internet Software & Services
647,FISV,Year 4,12/31/2015," $5,254,000,000 "," $2,909,000,000 "," $1,034,000,000 ", $-   , $-   ,Information Technology,Internet Software & Services
648,FL,Year 1,2/2/2013," $6,182,000,000 "," $4,148,000,000 "," $1,294,000,000 ", $-   ," $118,000,000 ",Consumer Discretionary,Apparel Retail
649,FL,Year 2,2/1/2014," $6,505,000,000 "," $4,372,000,000 "," $1,334,000,000 ", $-   ," $133,000,000 ",Consumer Discretionary,Apparel Retail
650,FL,Year 3,1/31/2015," $7,151,000,000 "," $4,777,000,000 "," $1,426,000,000 ", $-   ," $139,000,000 ",Consumer Discretionary,Apparel Retail
651,FL,Year 4,1/30/2016," $7,412,000,000 "," $4,907,000,000 "," $1,415,000,000 ", $-   ," $148,000,000 ",Consumer Discretionary,Apparel Retail
652,FLIR,Year 1,12/31/2012," $1,405,358,000 "," $670,174,000 "," $292,500,000 "," $137,354,000 ", $-   ,Information Technology,Electronic Equipment & Instruments
653,FLIR,Year 2,12/31/2013," $1,496,372,000 "," $759,362,000 "," $322,739,000 "," $147,696,000 ", $-   ,Information Technology,Electronic Equipment & Instruments
654,FLIR,Year 3,12/31/2014," $1,530,654,000 "," $780,281,000 "," $331,995,000 "," $142,751,000 ", $-   ,Information Technology,Electronic Equipment & Instruments
655,FLIR,Year 4,12/31/2015," $1,557,067,000 "," $803,506,000 "," $313,544,000 "," $132,892,000 ", $-   ,Information Technology,Electronic Equipment & Instruments
656,FLR,Year 1,12/31/2013," $27,351,573,000 "," $25,986,382,000 "," $175,148,000 ", $-   , $-   ,Industrials,Diversified Commercial Services
657,FLR,Year 2,12/31/2014," $21,531,577,000 "," $20,132,544,000 "," $182,711,000 ", $-   , $-   ,Industrials,Diversified Commercial Services
658,FLR,Year 3,12/31/2015," $18,114,048,000 "," $17,019,352,000 "," $408,225,000 ", $-   , $-   ,Industrials,Diversified Commercial Services
659,FLR,Year 4,12/31/2016," $19,036,525,000 "," $18,246,209,000 "," $191,073,000 ", $-   , $-   ,Industrials,Diversified Commercial Services
660,FLS,Year 1,12/31/2013," $4,954,619,000 "," $3,266,524,000 "," $966,829,000 ", $-   , $-   ,Industrials,Industrial Machinery
661,FLS,Year 2,12/31/2014," $4,877,885,000 "," $3,163,268,000 "," $936,900,000 ", $-   , $-   ,Industrials,Industrial Machinery
662,FLS,Year 3,12/31/2015," $4,561,030,000 "," $3,073,712,000 "," $971,611,000 ", $-   , $-   ,Industrials,Industrial Machinery
663,FLS,Year 4,12/31/2016," $3,991,462,000 "," $2,759,908,000 "," $965,322,000 ", $-   , $-   ,Industrials,Industrial Machinery
664,FMC,Year 1,12/31/2012," $3,409,900,000 "," $2,141,600,000 "," $489,700,000 "," $112,000,000 ", $-   ,Materials,Diversified Chemicals
665,FMC,Year 2,12/31/2013," $3,130,700,000 "," $1,929,800,000 "," $496,100,000 "," $115,600,000 ", $-   ,Materials,Diversified Chemicals
666,FMC,Year 3,12/31/2014," $3,258,700,000 "," $2,047,800,000 "," $589,800,000 "," $126,300,000 ", $-   ,Materials,Diversified Chemicals
667,FMC,Year 4,12/31/2015," $3,276,500,000 "," $2,201,100,000 "," $737,900,000 "," $143,700,000 ", $-   ,Materials,Diversified Chemicals
668,FRT,Year 1,12/31/2013," $637,413,000 "," $190,454,000 "," $31,970,000 ", $-   ," $160,828,000 ",Real Estate,Retail REITs
669,FRT,Year 2,12/31/2014," $686,090,000 "," $211,923,000 "," $32,316,000 ", $-   ," $170,814,000 ",Real Estate,Retail REITs
670,FRT,Year 3,12/31/2015," $744,012,000 "," $233,417,000 "," $35,645,000 ", $-   ," $174,796,000 ",Real Estate,Retail REITs
671,FRT,Year 4,12/31/2016," $801,591,000 "," $253,612,000 "," $33,399,000 ", $-   ," $193,585,000 ",Real Estate,Retail REITs
672,FSLR,Year 1,12/31/2012," $3,368,545,000 "," $2,515,796,000 "," $280,928,000 "," $132,460,000 ", $-   ,Information Technology,Semiconductors
673,FSLR,Year 2,12/31/2013," $3,309,616,000 "," $2,444,984,000 "," $270,261,000 "," $134,300,000 ", $-   ,Information Technology,Semiconductors
674,FSLR,Year 3,12/31/2014," $3,391,187,000 "," $2,566,246,000 "," $253,827,000 "," $143,969,000 ", $-   ,Information Technology,Semiconductors
675,FSLR,Year 4,12/31/2015," $3,578,995,000 "," $2,659,728,000 "," $255,192,000 "," $130,593,000 ", $-   ,Information Technology,Semiconductors
676,FTR,Year 1,12/31/2012," $5,011,853,000 ", $-   ," $2,676,141,000 ", $-   ," $1,266,807,000 ",Telecommunications Services,Integrated Telecommunications Services
677,FTR,Year 2,12/31/2013," $4,762,000,000 ", $-   ," $2,616,000,000 ", $-   ," $1,170,000,000 ",Telecommunications Services,Integrated Telecommunications Services
678,FTR,Year 3,12/31/2014," $4,772,000,000 ", $-   ," $2,671,000,000 ", $-   ," $1,139,000,000 ",Telecommunications Services,Integrated Telecommunications Services
679,FTR,Year 4,12/31/2015," $5,576,000,000 ", $-   ," $3,275,000,000 ", $-   ," $1,320,000,000 ",Telecommunications Services,Integrated Telecommunications Services
680,GD,Year 1,12/31/2013," $30,930,000,000 "," $25,202,000,000 "," $2,039,000,000 ", $-   , $-   ,Industrials,Aerospace & Defense
681,GD,Year 2,12/31/2014," $30,852,000,000 "," $24,979,000,000 "," $1,984,000,000 ", $-   , $-   ,Industrials,Aerospace & Defense
682,GD,Year 3,12/31/2015," $31,469,000,000 "," $25,339,000,000 "," $1,952,000,000 ", $-   , $-   ,Industrials,Aerospace & Defense
683,GD,Year 4,12/31/2016," $31,353,000,000 "," $25,104,000,000 "," $1,940,000,000 ", $-   , $-   ,Industrials,Aerospace & Defense
684,GGP,Year 1,12/31/2012," $2,426,301,000 "," $800,336,000 "," $72,163,000 ", $-   ," $768,820,000 ",Real Estate,Retail REITs
685,GGP,Year 2,12/31/2013," $2,486,017,000 "," $815,095,000 "," $76,864,000 ", $-   ," $749,722,000 ",Real Estate,Retail REITs
686,GGP,Year 3,12/31/2014," $2,535,559,000 "," $783,602,000 "," $88,705,000 ", $-   ," $708,406,000 ",Real Estate,Retail REITs
687,GGP,Year 4,12/31/2015," $2,403,906,000 "," $747,276,000 "," $72,363,000 ", $-   ," $643,689,000 ",Real Estate,Retail REITs
688,GILD,Year 1,12/31/2012," $9,702,000,000 "," $2,471,000,000 "," $1,461,000,000 "," $1,760,000,000 ", $-   ,Health Care,Biotechnology
689,GILD,Year 2,12/31/2013," $11,202,000,000 "," $2,859,000,000 "," $1,699,000,000 "," $2,120,000,000 ", $-   ,Health Care,Biotechnology
690,GILD,Year 3,12/31/2014," $24,890,000,000 "," $3,788,000,000 "," $2,983,000,000 "," $2,854,000,000 ", $-   ,Health Care,Biotechnology
691,GILD,Year 4,12/31/2015," $32,639,000,000 "," $4,006,000,000 "," $3,426,000,000 "," $3,014,000,000 ", $-   ,Health Care,Biotechnology
692,GIS,Year 1,5/26/2013," $17,774,100,000 "," $11,350,200,000 "," $3,552,300,000 ", $-   , $-   ,Consumer Staples,Packaged Foods & Meats
693,GIS,Year 2,5/25/2014," $17,909,600,000 "," $11,539,800,000 "," $3,474,300,000 ", $-   , $-   ,Consumer Staples,Packaged Foods & Meats
694,GIS,Year 3,5/31/2015," $17,630,300,000 "," $11,681,100,000 "," $3,328,000,000 ", $-   , $-   ,Consumer Staples,Packaged Foods & Meats
695,GIS,Year 4,5/29/2016," $16,563,100,000 "," $10,733,600,000 "," $3,118,900,000 ", $-   , $-   ,Consumer Staples,Packaged Foods & Meats
696,GLW,Year 1,12/31/2013," $7,819,000,000 "," $4,495,000,000 "," $1,126,000,000 "," $710,000,000 "," $31,000,000 ",Information Technology,Electronic Components
697,GLW,Year 2,12/31/2014," $9,715,000,000 "," $5,663,000,000 "," $1,202,000,000 "," $815,000,000 "," $33,000,000 ",Information Technology,Electronic Components
698,GLW,Year 3,12/31/2015," $9,111,000,000 "," $5,458,000,000 "," $1,508,000,000 "," $769,000,000 "," $54,000,000 ",Information Technology,Electronic Components
699,GLW,Year 4,12/31/2016," $9,390,000,000 "," $5,644,000,000 "," $1,472,000,000 "," $742,000,000 "," $64,000,000 ",Information Technology,Electronic Components
700,GM,Year 1,12/31/2013," $155,427,000,000 "," $137,373,000,000 "," $12,382,000,000 ", $-   , $-   ,Consumer Discretionary,Automobile Manufacturers
701,GM,Year 2,12/31/2014," $155,929,000,000 "," $142,121,000,000 "," $12,158,000,000 ", $-   , $-   ,Consumer Discretionary,Automobile Manufacturers
702,GM,Year 3,12/31/2015," $152,356,000,000 "," $134,054,000,000 "," $13,405,000,000 ", $-   , $-   ,Consumer Discretionary,Automobile Manufacturers
703,GM,Year 4,12/31/2016," $166,380,000,000 "," $145,125,000,000 "," $11,710,000,000 ", $-   , $-   ,Consumer Discretionary,Automobile Manufacturers
704,GPC,Year 1,12/31/2012," $13,013,868,000 "," $9,235,777,000 "," $2,656,530,000 ", $-   ," $98,383,000 ",Consumer Discretionary,Specialty Stores
705,GPC,Year 2,12/31/2013," $14,077,843,000 "," $9,857,923,000 "," $3,028,028,000 ", $-   ," $133,957,000 ",Consumer Discretionary,Specialty Stores
706,GPC,Year 3,12/31/2014," $15,341,647,000 "," $10,747,886,000 "," $3,314,030,000 ", $-   ," $148,313,000 ",Consumer Discretionary,Specialty Stores
707,GPC,Year 4,12/31/2015," $15,280,044,000 "," $10,724,192,000 "," $3,277,390,000 ", $-   ," $141,675,000 ",Consumer Discretionary,Specialty Stores
708,GPN,Year 1,5/31/2013," $2,375,923,000 "," $862,075,000 "," $1,156,635,000 ", $-   , $-   ,Information Technology,Data Processing & Outsourced Services
709,GPN,Year 2,5/31/2014," $2,554,236,000 "," $952,225,000 "," $1,196,512,000 ", $-   , $-   ,Information Technology,Data Processing & Outsourced Services
710,GPN,Year 3,5/31/2015," $2,773,718,000 "," $1,022,107,000 "," $1,295,014,000 ", $-   , $-   ,Information Technology,Data Processing & Outsourced Services
711,GPN,Year 4,5/31/2016," $2,898,150,000 "," $1,147,639,000 "," $1,325,567,000 ", $-   , $-   ,Information Technology,Data Processing & Outsourced Services
712,GPS,Year 1,2/2/2013," $15,651,000,000 "," $9,480,000,000 ", $-   , $-   , $-   ,Consumer Discretionary,Apparel Retail
713,GPS,Year 2,2/1/2014," $16,148,000,000 "," $9,855,000,000 ", $-   , $-   , $-   ,Consumer Discretionary,Apparel Retail
714,GPS,Year 3,1/31/2015," $16,435,000,000 "," $10,146,000,000 ", $-   , $-   , $-   ,Consumer Discretionary,Apparel Retail
715,GPS,Year 4,1/30/2016," $15,797,000,000 "," $10,077,000,000 ", $-   , $-   , $-   ,Consumer Discretionary,Apparel Retail
716,GRMN,Year 1,12/29/2012," $2,715,675,000 "," $1,277,195,000 "," $508,547,000 "," $325,773,000 ", $-   ,Consumer Discretionary,Consumer Electronics
717,GRMN,Year 2,12/28/2013," $2,631,851,000 "," $1,224,551,000 "," $468,345,000 "," $364,923,000 ", $-   ,Consumer Discretionary,Consumer Electronics
718,GRMN,Year 3,12/27/2014," $2,870,658,000 "," $1,266,246,000 "," $518,665,000 "," $395,121,000 ", $-   ,Consumer Discretionary,Consumer Electronics
719,GRMN,Year 4,12/26/2015," $2,820,270,000 "," $1,281,566,000 "," $562,080,000 "," $427,043,000 ", $-   ,Consumer Discretionary,Consumer Electronics
720,GT,Year 1,12/31/2013," $19,540,000,000 "," $15,422,000,000 "," $2,816,000,000 ", $-   , $-   ,Consumer Discretionary,Tires & Rubber
721,GT,Year 2,12/31/2014," $18,138,000,000 "," $13,906,000,000 "," $2,815,000,000 ", $-   , $-   ,Consumer Discretionary,Tires & Rubber
722,GT,Year 3,12/31/2015," $16,443,000,000 "," $12,164,000,000 "," $2,728,000,000 ", $-   , $-   ,Consumer Discretionary,Tires & Rubber
723,GT,Year 4,12/31/2016," $15,158,000,000 "," $10,972,000,000 "," $2,617,000,000 ", $-   , $-   ,Consumer Discretionary,Tires & Rubber
724,GWW,Year 1,12/31/2012," $8,950,045,000 "," $5,033,885,000 "," $2,785,035,000 ", $-   , $-   ,Industrials,Industrial Materials
725,GWW,Year 2,12/31/2013," $9,437,758,000 "," $5,301,275,000 "," $2,839,629,000 ", $-   , $-   ,Industrials,Industrial Materials
726,GWW,Year 3,12/31/2014," $9,964,953,000 "," $5,650,711,000 "," $2,967,125,000 ", $-   , $-   ,Industrials,Industrial Materials
727,GWW,Year 4,12/31/2015," $9,973,384,000 "," $5,741,956,000 "," $2,931,108,000 ", $-   , $-   ,Industrials,Industrial Materials
728,HAL,Year 1,12/31/2013," $29,402,000,000 "," $24,931,000,000 "," $1,333,000,000 ", $-   , $-   ,Energy,Oil & Gas Equipment & Services
729,HAL,Year 2,12/31/2014," $32,870,000,000 "," $27,334,000,000 "," $293,000,000 ", $-   , $-   ,Energy,Oil & Gas Equipment & Services
730,HAL,Year 3,12/31/2015," $23,633,000,000 "," $21,113,000,000 "," $200,000,000 ", $-   , $-   ,Energy,Oil & Gas Equipment & Services
731,HAL,Year 4,12/31/2016," $15,887,000,000 "," $15,023,000,000 "," $228,000,000 ", $-   , $-   ,Energy,Oil & Gas Equipment & Services
732,HAR,Year 1,6/30/2013," $4,297,842,000 "," $3,193,722,000 "," $902,869,000 ", $-   , $-   ,Consumer Discretionary,Consumer Electronics
733,HAR,Year 2,6/30/2014," $5,348,483,000 "," $3,891,816,000 "," $1,126,940,000 ", $-   , $-   ,Consumer Discretionary,Consumer Electronics
734,HAR,Year 3,6/30/2015," $6,155,297,000 "," $4,338,193,000 "," $1,347,510,000 ", $-   , $-   ,Consumer Discretionary,Consumer Electronics
735,HAR,Year 4,6/30/2016," $6,911,676,000 "," $4,818,585,000 "," $1,513,064,000 ", $-   , $-   ,Consumer Discretionary,Consumer Electronics
736,HAS,Year 1,12/31/2012," $4,088,983,000 "," $1,671,980,000 "," $1,269,586,000 "," $201,197,000 "," $92,369,000 ",Consumer Discretionary,Leisure Products
737,HAS,Year 2,12/29/2013," $4,082,157,000 "," $1,672,901,000 "," $1,269,777,000 "," $207,591,000 "," $125,876,000 ",Consumer Discretionary,Leisure Products
738,HAS,Year 3,12/28/2014," $4,277,207,000 "," $1,698,372,000 "," $1,315,793,000 "," $222,556,000 "," $99,794,000 ",Consumer Discretionary,Leisure Products
739,HAS,Year 4,12/27/2015," $4,447,509,000 "," $1,677,033,000 "," $1,370,183,000 "," $242,944,000 "," $86,171,000 ",Consumer Discretionary,Leisure Products
740,HBAN,Year 1,12/31/2012," $3,036,584,000 "," $162,167,000 "," $1,789,327,000 ", $-   ," $193,937,000 ",Financials,Banks
741,HBAN,Year 2,12/31/2013," $2,872,833,000 "," $116,241,000 "," $1,716,639,000 ", $-   ," $131,409,000 ",Financials,Banks
742,HBAN,Year 3,12/31/2014," $2,955,641,000 "," $86,453,000 "," $1,843,069,000 ", $-   ," $120,266,000 ",Financials,Banks
743,HBAN,Year 4,12/31/2015," $3,153,251,000 "," $82,175,000 "," $1,948,041,000 ", $-   ," $127,821,000 ",Financials,Banks
744,HBI,Year 1,12/28/2013," $4,627,802,000 "," $3,016,109,000 "," $1,096,507,000 ", $-   , $-   ,Consumer Discretionary,"Apparel, Accessories & Luxury Goods"
745,HBI,Year 2,1/3/2015," $5,324,746,000 "," $3,420,339,000 "," $1,340,453,000 ", $-   , $-   ,Consumer Discretionary,"Apparel, Accessories & Luxury Goods"
746,HBI,Year 3,1/2/2016," $5,731,549,000 "," $3,595,217,000 "," $1,541,214,000 ", $-   , $-   ,Consumer Discretionary,"Apparel, Accessories & Luxury Goods"
747,HBI,Year 4,12/31/2016," $6,028,199,000 "," $3,752,151,000 "," $1,500,399,000 ", $-   , $-   ,Consumer Discretionary,"Apparel, Accessories & Luxury Goods"
748,HCA,Year 1,12/31/2012," $33,013,000,000 "," $5,717,000,000 "," $20,801,000,000 ", $-   ," $1,679,000,000 ",Health Care,Health Care Facilities
749,HCA,Year 2,12/31/2013," $34,182,000,000 "," $5,970,000,000 "," $21,667,000,000 ", $-   ," $1,753,000,000 ",Health Care,Health Care Facilities
750,HCA,Year 3,12/31/2014," $36,918,000,000 "," $6,262,000,000 "," $23,271,000,000 ", $-   ," $1,820,000,000 ",Health Care,Health Care Facilities
751,HCA,Year 4,12/31/2015," $39,678,000,000 "," $6,638,000,000 "," $25,171,000,000 ", $-   ," $1,904,000,000 ",Health Care,Health Care Facilities
752,HCN,Year 1,12/31/2012," $1,765,979,000 "," $567,989,000 "," $158,950,000 ", $-   ," $506,220,000 ",Real Estate,REITs
753,HCN,Year 2,12/31/2013," $2,847,945,000 "," $1,206,813,000 "," $241,719,000 ", $-   ," $865,800,000 ",Real Estate,REITs
754,HCN,Year 3,12/31/2014," $3,305,879,000 "," $1,403,358,000 "," $212,481,000 ", $-   ," $844,130,000 ",Real Estate,REITs
755,HCN,Year 4,12/31/2015," $3,775,685,000 "," $1,622,257,000 "," $258,342,000 ", $-   ," $826,240,000 ",Real Estate,REITs
756,HCP,Year 1,12/31/2013," $2,013,719,000 ", $-   ," $401,324,000 ", $-   ," $423,312,000 ",Real Estate,REITs
757,HCP,Year 2,12/31/2014," $1,563,210,000 ", $-   ," $463,059,000 ", $-   ," $455,016,000 ",Real Estate,REITs
758,HCP,Year 3,12/31/2015," $1,828,305,000 ", $-   ," $706,644,000 ", $-   ," $504,905,000 ",Real Estate,REITs
759,HCP,Year 4,12/31/2016," $2,040,486,000 ", $-   ," $842,010,000 ", $-   ," $568,108,000 ",Real Estate,REITs
760,HD,Year 1,2/3/2013," $74,754,000,000 "," $48,912,000,000 "," $16,508,000,000 ", $-   ," $1,568,000,000 ",Consumer Discretionary,Home Improvement Retail
761,HD,Year 2,2/2/2014," $78,812,000,000 "," $51,897,000,000 "," $16,122,000,000 ", $-   ," $1,627,000,000 ",Consumer Discretionary,Home Improvement Retail
762,HD,Year 3,2/1/2015," $83,176,000,000 "," $54,787,000,000 "," $16,280,000,000 ", $-   ," $1,640,000,000 ",Consumer Discretionary,Home Improvement Retail
763,HD,Year 4,1/31/2016," $88,519,000,000 "," $58,254,000,000 "," $16,801,000,000 ", $-   ," $1,690,000,000 ",Consumer Discretionary,Home Improvement Retail
764,HES,Year 1,12/31/2012," $12,245,000,000 "," $3,535,000,000 "," $1,126,000,000 ", $-   ," $2,866,000,000 ",Energy,Integrated Oil & Gas
765,HES,Year 2,12/31/2013," $11,905,000,000 "," $3,969,000,000 "," $1,045,000,000 ", $-   ," $2,687,000,000 ",Energy,Integrated Oil & Gas
766,HES,Year 3,12/31/2014," $10,737,000,000 "," $3,753,000,000 "," $863,000,000 ", $-   ," $3,224,000,000 ",Energy,Integrated Oil & Gas
767,HES,Year 4,12/31/2015," $6,636,000,000 "," $3,323,000,000 "," $703,000,000 ", $-   ," $3,955,000,000 ",Energy,Integrated Oil & Gas
768,HIG,Year 1,12/31/2012," $22,086,000,000 "," $13,195,000,000 ", $-   , $-   ," $7,080,000,000 ",Financials,Property & Casualty Insurance
769,HIG,Year 2,12/31/2013," $20,673,000,000 "," $11,048,000,000 ", $-   , $-   ," $5,970,000,000 ",Financials,Property & Casualty Insurance
770,HIG,Year 3,12/31/2014," $18,614,000,000 "," $10,805,000,000 ", $-   , $-   ," $5,757,000,000 ",Financials,Property & Casualty Insurance
771,HIG,Year 4,12/31/2015," $18,377,000,000 "," $10,775,000,000 ", $-   , $-   ," $5,274,000,000 ",Financials,Property & Casualty Insurance
772,HOG,Year 1,12/31/2012," $5,580,506,000 "," $3,440,623,000 "," $1,111,232,000 ", $-   , $-   ,Consumer Discretionary,Motorcycle Manufacturers
773,HOG,Year 2,12/31/2013," $5,899,872,000 "," $3,621,417,000 "," $1,124,753,000 ", $-   , $-   ,Consumer Discretionary,Motorcycle Manufacturers
774,HOG,Year 3,12/31/2014," $6,228,508,000 "," $3,788,023,000 "," $1,159,502,000 ", $-   , $-   ,Consumer Discretionary,Motorcycle Manufacturers
775,HOG,Year 4,12/31/2015," $5,995,402,000 "," $3,619,612,000 "," $1,220,095,000 ", $-   , $-   ,Consumer Discretionary,Motorcycle Manufacturers
776,HOLX,Year 1,9/28/2013," $2,492,300,000 "," $1,330,900,000 "," $661,100,000 "," $197,600,000 "," $112,600,000 ",Health Care,Health Care Equipment
777,HOLX,Year 2,9/27/2014," $2,530,700,000 "," $1,285,200,000 "," $591,500,000 "," $203,200,000 "," $113,800,000 ",Health Care,Health Care Equipment
778,HOLX,Year 3,9/26/2015," $2,705,000,000 "," $1,272,300,000 "," $624,000,000 "," $214,900,000 "," $110,200,000 ",Health Care,Health Care Equipment
779,HOLX,Year 4,9/24/2016," $2,832,700,000 "," $1,269,400,000 "," $682,400,000 "," $232,100,000 "," $89,700,000 ",Health Care,Health Care Equipment
780,HON,Year 1,12/31/2013," $39,055,000,000 "," $28,364,000,000 "," $5,190,000,000 ", $-   , $-   ,Industrials,Industrial Conglomerates
781,HON,Year 2,12/31/2014," $40,306,000,000 "," $28,957,000,000 "," $5,518,000,000 ", $-   , $-   ,Industrials,Industrial Conglomerates
782,HON,Year 3,12/31/2015," $38,581,000,000 "," $26,747,000,000 "," $5,006,000,000 ", $-   , $-   ,Industrials,Industrial Conglomerates
783,HON,Year 4,12/31/2016," $39,302,000,000 "," $27,150,000,000 "," $5,469,000,000 ", $-   , $-   ,Industrials,Industrial Conglomerates
784,HP,Year 1,9/30/2013," $3,387,614,000 "," $1,852,768,000 "," $126,250,000 "," $15,235,000 "," $455,623,000 ",Energy,Oil & Gas Drilling
785,HP,Year 2,9/30/2014," $3,715,968,000 "," $2,006,715,000 "," $116,190,000 "," $15,905,000 "," $523,984,000 ",Energy,Oil & Gas Drilling
786,HP,Year 3,9/30/2015," $3,161,702,000 "," $1,703,476,000 "," $122,878,000 "," $16,104,000 "," $608,039,000 ",Energy,Oil & Gas Drilling
787,HP,Year 4,9/30/2016," $1,624,232,000 "," $898,805,000 "," $136,287,000 "," $10,269,000 "," $598,587,000 ",Energy,Oil & Gas Drilling
788,HPE,Year 1,10/31/2014," $55,123,000,000 "," $39,486,000,000 "," $8,717,000,000 "," $2,197,000,000 "," $906,000,000 ",Information Technology,"Technology Hardware, Storage & Peripherals"
789,HPE,Year 2,10/31/2015," $52,107,000,000 "," $37,168,000,000 "," $9,047,000,000 "," $2,338,000,000 "," $852,000,000 ",Information Technology,"Technology Hardware, Storage & Peripherals"
790,HPE,Year 3,10/31/2016," $50,123,000,000 "," $35,507,000,000 "," $8,419,000,000 "," $2,298,000,000 "," $755,000,000 ",Information Technology,"Technology Hardware, Storage & Peripherals"
791,HPQ,Year 1,10/31/2013," $112,298,000,000 "," $86,380,000,000 "," $13,267,000,000 "," $3,135,000,000 "," $1,373,000,000 ",Information Technology,Computer Hardware
792,HPQ,Year 2,10/31/2014," $56,651,000,000 "," $45,431,000,000 "," $5,361,000,000 "," $1,298,000,000 "," $129,000,000 ",Information Technology,Computer Hardware
793,HPQ,Year 3,10/31/2015," $51,463,000,000 "," $41,524,000,000 "," $4,663,000,000 "," $1,191,000,000 "," $102,000,000 ",Information Technology,Computer Hardware
794,HPQ,Year 4,10/31/2016," $48,238,000,000 "," $39,240,000,000 "," $4,019,000,000 "," $1,209,000,000 "," $16,000,000 ",Information Technology,Computer Hardware
795,HRB,Year 1,4/30/2013," $2,807,114,000 "," $1,123,773,000 "," $828,095,000 ", $-   ," $92,407,000 ",Financials,Consumer Finance
796,HRB,Year 2,4/30/2014," $3,024,295,000 "," $1,179,405,000 "," $830,789,000 ", $-   ," $115,604,000 ",Financials,Consumer Finance
797,HRB,Year 3,4/30/2015," $3,078,658,000 "," $1,231,104,000 "," $818,091,000 ", $-   ," $159,804,000 ",Financials,Consumer Finance
798,HRB,Year 4,4/30/2016," $3,038,153,000 "," $1,250,320,000 "," $905,648,000 ", $-   ," $173,598,000 ",Financials,Consumer Finance
799,HRL,Year 1,10/27/2013," $8,751,654,000 "," $7,338,838,000 "," $627,340,000 ", $-   , $-   ,Consumer Staples,Packaged Foods & Meats
800,HRL,Year 2,10/26/2014," $9,316,256,000 "," $7,751,273,000 "," $650,948,000 ", $-   , $-   ,Consumer Staples,Packaged Foods & Meats
801,HRL,Year 3,10/31/2015," $9,263,863,000 "," $7,455,282,000 "," $743,611,000 ", $-   , $-   ,Consumer Staples,Packaged Foods & Meats
802,HRL,Year 4,10/30/2016," $9,523,224,000 "," $7,365,049,000 "," $871,974,000 ", $-   , $-   ,Consumer Staples,Packaged Foods & Meats
803,HRS,Year 1,6/28/2013," $5,112,000,000 "," $3,385,000,000 "," $914,000,000 ", $-   , $-   ,Information Technology,Telecommunications Equipment
804,HRS,Year 2,6/27/2014," $5,012,000,000 "," $3,310,000,000 "," $820,000,000 ", $-   , $-   ,Information Technology,Telecommunications Equipment
805,HRS,Year 3,7/3/2015," $5,083,000,000 "," $3,348,000,000 "," $976,000,000 ", $-   , $-   ,Information Technology,Telecommunications Equipment
806,HRS,Year 4,7/1/2016," $7,467,000,000 "," $5,132,000,000 "," $1,186,000,000 ", $-   , $-   ,Information Technology,Telecommunications Equipment
807,HSIC,Year 1,12/29/2012," $8,939,967,000 "," $6,432,454,000 "," $1,873,360,000 ", $-   , $-   ,Health Care,Health Care Distributors
808,HSIC,Year 2,12/28/2013," $9,560,647,000 "," $6,904,633,000 "," $1,978,960,000 ", $-   , $-   ,Health Care,Health Care Distributors
809,HSIC,Year 3,12/27/2014," $10,371,390,000 "," $7,460,075,000 "," $2,196,173,000 ", $-   , $-   ,Health Care,Health Care Distributors
810,HSIC,Year 4,12/26/2015," $10,629,719,000 "," $7,617,460,000 "," $2,243,356,000 ", $-   , $-   ,Health Care,Health Care Distributors
811,HST,Year 1,12/31/2012," $5,059,000,000 "," $1,885,000,000 "," $2,101,000,000 ", $-   ," $722,000,000 ",Real Estate,REITs
812,HST,Year 2,12/31/2013," $5,166,000,000 "," $1,989,000,000 "," $1,968,000,000 ", $-   ," $697,000,000 ",Real Estate,REITs
813,HST,Year 3,12/31/2014," $5,354,000,000 "," $2,033,000,000 "," $1,920,000,000 ", $-   ," $701,000,000 ",Real Estate,REITs
814,HST,Year 4,12/31/2015," $5,387,000,000 "," $2,012,000,000 "," $2,011,000,000 ", $-   ," $716,000,000 ",Real Estate,REITs
815,HSY,Year 1,12/31/2012," $6,644,252,000 "," $3,784,370,000 "," $1,703,796,000 ", $-   , $-   ,Consumer Staples,Packaged Foods & Meats
816,HSY,Year 2,12/31/2013," $7,146,079,000 "," $3,865,231,000 "," $1,924,132,000 ", $-   , $-   ,Consumer Staples,Packaged Foods & Meats
817,HSY,Year 3,12/31/2014," $7,421,768,000 "," $4,085,602,000 "," $1,898,284,000 ", $-   , $-   ,Consumer Staples,Packaged Foods & Meats
818,HSY,Year 4,12/31/2015," $7,386,626,000 "," $4,003,951,000 "," $1,969,308,000 ", $-   , $-   ,Consumer Staples,Packaged Foods & Meats
819,HUM,Year 1,12/31/2013," $41,313,000,000 "," $32,564,000,000 ", $-   , $-   ," $6,688,000,000 ",Health Care,Managed Health Care
820,HUM,Year 2,12/31/2014," $48,500,000,000 "," $38,166,000,000 ", $-   , $-   ," $7,972,000,000 ",Health Care,Managed Health Care
821,HUM,Year 3,12/31/2015," $54,289,000,000 "," $44,269,000,000 ", $-   , $-   ," $7,673,000,000 ",Health Care,Managed Health Care
822,HUM,Year 4,12/31/2016," $54,379,000,000 "," $45,007,000,000 ", $-   , $-   ," $7,631,000,000 ",Health Care,Managed Health Care
823,IBM,Year 1,12/31/2012," $102,874,000,000 "," $52,513,000,000 "," $22,389,000,000 "," $5,816,000,000 ", $-   ,Information Technology,IT Consulting & Other Services
824,IBM,Year 2,12/31/2013," $98,367,000,000 "," $49,683,000,000 "," $22,629,000,000 "," $5,743,000,000 ", $-   ,Information Technology,IT Consulting & Other Services
825,IBM,Year 3,12/31/2014," $92,793,000,000 "," $46,386,000,000 "," $22,438,000,000 "," $5,437,000,000 ", $-   ,Information Technology,IT Consulting & Other Services
826,IBM,Year 4,12/31/2015," $81,741,000,000 "," $41,057,000,000 "," $19,748,000,000 "," $5,247,000,000 ", $-   ,Information Technology,IT Consulting & Other Services
827,IDXX,Year 1,12/31/2012," $1,293,338,000 "," $594,190,000 "," $354,571,000 "," $82,014,000 ", $-   ,Health Care,Health Care Equipment
828,IDXX,Year 2,12/31/2013," $1,377,058,000 "," $620,940,000 "," $401,353,000 "," $88,003,000 ", $-   ,Health Care,Health Care Equipment
829,IDXX,Year 3,12/31/2014," $1,485,807,000 "," $669,691,000 "," $457,598,000 "," $98,263,000 ", $-   ,Health Care,Health Care Equipment
830,IDXX,Year 4,12/31/2015," $1,601,892,000 "," $711,622,000 "," $482,465,000 "," $99,681,000 ", $-   ,Health Care,Health Care Equipment
831,IFF,Year 1,12/31/2012," $2,821,446,000 "," $1,645,912,000 "," $453,535,000 "," $233,713,000 ", $-   ,Materials,Specialty Chemicals
832,IFF,Year 2,12/31/2013," $2,952,896,000 "," $1,668,691,000 "," $505,877,000 "," $259,838,000 ", $-   ,Materials,Specialty Chemicals
833,IFF,Year 3,12/31/2014," $3,088,533,000 "," $1,726,383,000 "," $514,891,000 "," $253,640,000 ", $-   ,Materials,Specialty Chemicals
834,IFF,Year 4,12/31/2015," $3,023,189,000 "," $1,671,590,000 "," $509,557,000 "," $246,101,000 ", $-   ,Materials,Specialty Chemicals
835,ILMN,Year 1,12/29/2013," $1,421,178,000 "," $509,291,000 "," $397,285,000 "," $276,743,000 ", $-   ,Health Care,Life Sciences Tools & Services
836,ILMN,Year 2,12/28/2014," $1,861,358,000 "," $563,648,000 "," $471,921,000 "," $388,055,000 ", $-   ,Health Care,Life Sciences Tools & Services
837,ILMN,Year 3,1/3/2016," $2,219,762,000 "," $670,472,000 "," $522,046,000 "," $401,527,000 ", $-   ,Health Care,Life Sciences Tools & Services
838,ILMN,Year 4,1/1/2017," $2,398,373,000 "," $731,925,000 "," $584,491,000 "," $504,415,000 ", $-   ,Health Care,Life Sciences Tools & Services
839,INTC,Year 1,12/28/2013," $52,708,000,000 "," $21,187,000,000 "," $8,088,000,000 "," $10,611,000,000 "," $291,000,000 ",Information Technology,Semiconductors
840,INTC,Year 2,12/27/2014," $55,870,000,000 "," $20,261,000,000 "," $8,136,000,000 "," $11,537,000,000 "," $294,000,000 ",Information Technology,Semiconductors
841,INTC,Year 3,12/26/2015," $55,355,000,000 "," $20,676,000,000 "," $7,930,000,000 "," $12,128,000,000 "," $265,000,000 ",Information Technology,Semiconductors
842,INTC,Year 4,12/31/2016," $59,387,000,000 "," $23,196,000,000 "," $8,397,000,000 "," $12,740,000,000 "," $294,000,000 ",Information Technology,Semiconductors
843,INTU,Year 1,7/31/2013," $3,946,000,000 "," $527,000,000 "," $1,534,000,000 "," $647,000,000 "," $30,000,000 ",Information Technology,Internet Software & Services
844,INTU,Year 2,7/31/2014," $4,243,000,000 "," $603,000,000 "," $1,601,000,000 "," $714,000,000 "," $25,000,000 ",Information Technology,Internet Software & Services
845,INTU,Year 3,7/31/2015," $4,192,000,000 "," $695,000,000 "," $1,771,000,000 "," $798,000,000 "," $42,000,000 ",Information Technology,Internet Software & Services
846,INTU,Year 4,7/31/2016," $4,694,000,000 "," $730,000,000 "," $1,807,000,000 "," $881,000,000 "," $34,000,000 ",Information Technology,Internet Software & Services
847,IP,Year 1,12/31/2012," $21,852,000,000 "," $15,287,000,000 "," $3,303,000,000 ", $-   ," $1,473,000,000 ",Materials,Paper Packaging
848,IP,Year 2,12/31/2013," $23,483,000,000 "," $16,282,000,000 "," $3,557,000,000 ", $-   ," $1,531,000,000 ",Materials,Paper Packaging
849,IP,Year 3,12/31/2014," $23,617,000,000 "," $16,254,000,000 "," $3,494,000,000 ", $-   ," $1,406,000,000 ",Materials,Paper Packaging
850,IP,Year 4,12/31/2015," $22,365,000,000 "," $15,468,000,000 "," $3,219,000,000 ", $-   ," $1,294,000,000 ",Materials,Paper Packaging
851,IPG,Year 1,12/31/2012," $6,956,200,000 ", $-   ," $6,279,100,000 ", $-   , $-   ,Consumer Discretionary,Advertising
852,IPG,Year 2,12/31/2013," $7,122,300,000 ", $-   ," $6,463,400,000 ", $-   , $-   ,Consumer Discretionary,Advertising
853,IPG,Year 3,12/31/2014," $7,537,100,000 ", $-   ," $6,748,500,000 ", $-   , $-   ,Consumer Discretionary,Advertising
854,IPG,Year 4,12/31/2015," $7,613,800,000 ", $-   ," $6,742,700,000 ", $-   , $-   ,Consumer Discretionary,Advertising
855,IRM,Year 1,12/31/2012," $3,003,955,000 "," $1,277,113,000 "," $850,371,000 ", $-   ," $316,344,000 ",Real Estate,REITs
856,IRM,Year 2,12/31/2013," $3,024,623,000 "," $1,288,878,000 "," $924,031,000 ", $-   ," $322,037,000 ",Real Estate,REITs
857,IRM,Year 3,12/31/2014," $3,117,693,000 "," $1,344,636,000 "," $869,572,000 ", $-   ," $353,143,000 ",Real Estate,REITs
858,IRM,Year 4,12/31/2015," $3,007,976,000 "," $1,290,025,000 "," $844,960,000 ", $-   ," $345,464,000 ",Real Estate,REITs
859,ISRG,Year 1,12/31/2013," $2,265,100,000 "," $670,900,000 "," $574,000,000 "," $167,700,000 ", $-   ,Health Care,Health Care Equipment
860,ISRG,Year 2,12/31/2014," $2,131,700,000 "," $717,900,000 "," $691,000,000 "," $178,000,000 ", $-   ,Health Care,Health Care Equipment
861,ISRG,Year 3,12/31/2015," $2,384,400,000 "," $806,500,000 "," $640,500,000 "," $197,400,000 ", $-   ,Health Care,Health Care Equipment
862,ISRG,Year 4,12/31/2016," $2,704,400,000 "," $814,300,000 "," $705,300,000 "," $239,600,000 ", $-   ,Health Care,Health Care Equipment
863,ITW,Year 1,12/31/2013," $14,135,000,000 "," $8,554,000,000 "," $2,815,000,000 ", $-   ," $250,000,000 ",Industrials,Industrial Machinery
864,ITW,Year 2,12/31/2014," $14,484,000,000 "," $8,673,000,000 "," $2,678,000,000 ", $-   ," $245,000,000 ",Industrials,Industrial Machinery
865,ITW,Year 3,12/31/2015," $13,405,000,000 "," $7,888,000,000 "," $2,417,000,000 ", $-   ," $233,000,000 ",Industrials,Industrial Machinery
866,ITW,Year 4,12/31/2016," $13,599,000,000 "," $7,896,000,000 "," $2,415,000,000 ", $-   ," $224,000,000 ",Industrials,Industrial Machinery
867,IVZ,Year 1,12/31/2012," $4,050,400,000 ", $-   ," $3,207,800,000 ", $-   , $-   ,Financials,Asset Management & Custody Banks
868,IVZ,Year 2,12/31/2013," $4,644,600,000 ", $-   ," $3,524,400,000 ", $-   , $-   ,Financials,Asset Management & Custody Banks
869,IVZ,Year 3,12/31/2014," $5,147,100,000 ", $-   ," $3,870,200,000 ", $-   , $-   ,Financials,Asset Management & Custody Banks
870,IVZ,Year 4,12/31/2015," $5,122,900,000 ", $-   ," $3,764,500,000 ", $-   , $-   ,Financials,Asset Management & Custody Banks
871,JBHT,Year 1,12/31/2012," $5,054,980,000 "," $3,230,857,000 "," $1,064,757,000 ", $-   ," $229,166,000 ",Industrials,Trucking
872,JBHT,Year 2,12/31/2013," $5,584,571,000 "," $3,570,801,000 "," $1,183,682,000 ", $-   ," $253,380,000 ",Industrials,Trucking
873,JBHT,Year 3,12/31/2014," $6,165,441,000 "," $3,898,403,000 "," $1,341,000,000 ", $-   ," $294,496,000 ",Industrials,Trucking
874,JBHT,Year 4,12/31/2015," $6,187,646,000 "," $3,665,578,000 "," $1,466,761,000 ", $-   ," $339,613,000 ",Industrials,Trucking
875,JEC,Year 1,9/27/2013," $11,818,376,000 "," $9,976,057,000 "," $1,173,340,000 ", $-   , $-   ,Industrials,Industrial Conglomerates
876,JEC,Year 2,9/26/2014," $12,695,157,000 "," $10,621,373,000 "," $1,545,716,000 ", $-   , $-   ,Industrials,Industrial Conglomerates
877,JEC,Year 3,10/2/2015," $12,114,832,000 "," $10,146,494,000 "," $1,522,811,000 ", $-   , $-   ,Industrials,Industrial Conglomerates
878,JEC,Year 4,9/30/2016," $10,964,157,000 "," $9,196,326,000 "," $1,429,233,000 ", $-   , $-   ,Industrials,Industrial Conglomerates
879,JNPR,Year 1,12/31/2012," $4,365,400,000 "," $1,656,600,000 "," $1,252,300,000 "," $1,101,600,000 ", $-   ,Information Technology,Networking Equipment
880,JNPR,Year 2,12/31/2013," $4,669,100,000 "," $1,727,700,000 "," $1,293,200,000 "," $1,043,200,000 ", $-   ,Information Technology,Networking Equipment
881,JNPR,Year 3,12/31/2014," $4,627,100,000 "," $1,768,900,000 "," $1,254,700,000 "," $1,006,200,000 ", $-   ,Information Technology,Networking Equipment
882,JNPR,Year 4,12/31/2015," $4,857,800,000 "," $1,779,200,000 "," $1,172,700,000 "," $994,500,000 ", $-   ,Information Technology,Networking Equipment
883,JPM,Year 1,12/31/2012," $93,646,000,000 ", $-   ," $64,729,000,000 ", $-   ," $3,385,000,000 ",Financials,Banks
884,JPM,Year 2,12/31/2013," $97,142,000,000 ", $-   ," $70,467,000,000 ", $-   ," $225,000,000 ",Financials,Banks
885,JPM,Year 3,12/31/2014," $91,973,000,000 ", $-   ," $61,274,000,000 ", $-   ," $3,139,000,000 ",Financials,Banks
886,JPM,Year 4,12/31/2015," $89,716,000,000 ", $-   ," $59,014,000,000 ", $-   ," $3,827,000,000 ",Financials,Banks
887,JWN,Year 1,2/2/2013," $12,134,000,000 "," $7,432,000,000 "," $3,357,000,000 ", $-   , $-   ,Consumer Discretionary,Department Stores
888,JWN,Year 2,2/1/2014," $12,540,000,000 "," $7,737,000,000 "," $3,453,000,000 ", $-   , $-   ,Consumer Discretionary,Department Stores
889,JWN,Year 3,1/31/2015," $13,506,000,000 "," $8,406,000,000 "," $3,777,000,000 ", $-   , $-   ,Consumer Discretionary,Department Stores
890,JWN,Year 4,1/30/2016," $14,437,000,000 "," $9,168,000,000 "," $4,168,000,000 ", $-   , $-   ,Consumer Discretionary,Department Stores
891,K,Year 1,12/29/2012," $14,197,000,000 "," $8,763,000,000 "," $3,872,000,000 ", $-   , $-   ,Consumer Staples,Packaged Foods & Meats
892,K,Year 2,12/28/2013," $14,792,000,000 "," $8,689,000,000 "," $3,266,000,000 ", $-   , $-   ,Consumer Staples,Packaged Foods & Meats
893,K,Year 3,1/3/2015," $14,580,000,000 "," $9,517,000,000 "," $4,039,000,000 ", $-   , $-   ,Consumer Staples,Packaged Foods & Meats
894,K,Year 4,1/2/2016," $13,525,000,000 "," $8,844,000,000 "," $3,590,000,000 ", $-   , $-   ,Consumer Staples,Packaged Foods & Meats
895,KEY,Year 1,9/30/2013," $1,287,577,000 "," $1,073,447,000 "," $174,085,000 ", $-   ," $12,784,000 ",Financials,Banks
896,KEY,Year 2,9/30/2014," $1,463,767,000 "," $1,200,308,000 "," $194,491,000 ", $-   ," $13,279,000 ",Financials,Banks
897,KEY,Year 3,9/30/2015," $1,627,413,000 "," $1,354,969,000 "," $207,519,000 ", $-   ," $13,338,000 ",Financials,Banks
898,KEY,Year 4,9/30/2016," $1,822,114,000 "," $1,524,907,000 "," $224,088,000 ", $-   ," $13,794,000 ",Financials,Banks
899,KIM,Year 1,12/31/2012," $793,373,000 "," $206,974,000 "," $123,524,000 ", $-   ," $214,827,000 ",Real Estate,REITs
900,KIM,Year 2,12/31/2013," $861,527,000 "," $221,498,000 "," $127,470,000 ", $-   ," $224,713,000 ",Real Estate,REITs
901,KIM,Year 3,12/31/2014," $993,897,000 "," $258,617,000 "," $122,201,000 ", $-   ," $258,074,000 ",Real Estate,REITs
902,KIM,Year 4,12/31/2015," $1,166,769,000 "," $304,477,000 "," $122,735,000 ", $-   ," $344,527,000 ",Real Estate,REITs
903,KLAC,Year 1,6/30/2013," $2,842,781,000 "," $1,237,452,000 "," $387,812,000 "," $487,832,000 ", $-   ,Information Technology,Semiconductor Equipment
904,KLAC,Year 2,6/30/2014," $2,929,408,000 "," $1,232,962,000 "," $384,907,000 "," $539,469,000 ", $-   ,Information Technology,Semiconductor Equipment
905,KLAC,Year 3,6/30/2015," $2,814,049,000 "," $1,215,229,000 "," $406,864,000 "," $530,616,000 ", $-   ,Information Technology,Semiconductor Equipment
906,KLAC,Year 4,6/30/2016," $2,984,493,000 "," $1,163,391,000 "," $379,399,000 "," $481,258,000 ", $-   ,Information Technology,Semiconductor Equipment
907,KMB,Year 1,12/31/2013," $19,561,000,000 "," $12,952,000,000 "," $3,706,000,000 ", $-   , $-   ,Consumer Staples,Household Products
908,KMB,Year 2,12/31/2014," $19,724,000,000 "," $13,041,000,000 "," $4,162,000,000 ", $-   , $-   ,Consumer Staples,Household Products
909,KMB,Year 3,12/31/2015," $18,591,000,000 "," $11,967,000,000 "," $5,011,000,000 ", $-   , $-   ,Consumer Staples,Household Products
910,KMB,Year 4,12/31/2016," $18,202,000,000 "," $11,551,000,000 "," $3,334,000,000 ", $-   , $-   ,Consumer Staples,Household Products
911,KMI,Year 1,12/31/2013," $14,070,000,000 "," $7,365,000,000 "," $1,007,000,000 ", $-   ," $1,806,000,000 ",Energy,Oil & Gas Refining & Marketing & Transportation
912,KMI,Year 2,12/31/2014," $16,226,000,000 "," $8,435,000,000 "," $1,029,000,000 ", $-   ," $2,040,000,000 ",Energy,Oil & Gas Refining & Marketing & Transportation
913,KMI,Year 3,12/31/2015," $14,403,000,000 "," $6,452,000,000 "," $1,126,000,000 ", $-   ," $2,309,000,000 ",Energy,Oil & Gas Refining & Marketing & Transportation
914,KMI,Year 4,12/31/2016," $13,058,000,000 "," $5,801,000,000 "," $1,089,000,000 ", $-   ," $2,209,000,000 ",Energy,Oil & Gas Refining & Marketing & Transportation
915,KMX,Year 1,2/28/2013," $10,962,818,000 "," $9,498,456,000 "," $731,767,000 ", $-   , $-   ,Consumer Discretionary,Specialty Stores
916,KMX,Year 2,2/28/2014," $12,574,299,000 "," $10,925,598,000 "," $819,048,000 ", $-   , $-   ,Consumer Discretionary,Specialty Stores
917,KMX,Year 3,2/28/2015," $14,268,716,000 "," $12,381,189,000 "," $890,431,000 ", $-   , $-   ,Consumer Discretionary,Specialty Stores
918,KMX,Year 4,2/29/2016," $15,149,675,000 "," $13,130,915,000 "," $959,899,000 ", $-   , $-   ,Consumer Discretionary,Specialty Stores
919,KO,Year 1,12/31/2012," $48,017,000,000 "," $19,053,000,000 "," $18,185,000,000 ", $-   , $-   ,Consumer Staples,Soft Drinks
920,KO,Year 2,12/31/2013," $46,854,000,000 "," $18,421,000,000 "," $18,205,000,000 ", $-   , $-   ,Consumer Staples,Soft Drinks
921,KO,Year 3,12/31/2014," $45,998,000,000 "," $17,889,000,000 "," $18,401,000,000 ", $-   , $-   ,Consumer Staples,Soft Drinks
922,KO,Year 4,12/31/2015," $44,294,000,000 "," $17,482,000,000 "," $18,084,000,000 ", $-   , $-   ,Consumer Staples,Soft Drinks
923,KORS,Year 1,3/30/2013," $2,181,732,000 "," $875,166,000 "," $621,536,000 ", $-   ," $54,291,000 ",Consumer Discretionary,"Apparel, Accessories & Luxury Goods"
924,KORS,Year 2,3/29/2014," $3,310,800,000 "," $1,294,700,000 "," $926,900,000 ", $-   ," $79,700,000 ",Consumer Discretionary,"Apparel, Accessories & Luxury Goods"
925,KORS,Year 3,3/28/2015," $4,371,500,000 "," $1,723,800,000 "," $1,251,500,000 ", $-   ," $138,400,000 ",Consumer Discretionary,"Apparel, Accessories & Luxury Goods"
926,KORS,Year 4,4/2/2016," $4,712,100,000 "," $1,914,900,000 "," $1,428,000,000 ", $-   ," $183,200,000 ",Consumer Discretionary,"Apparel, Accessories & Luxury Goods"
927,KR,Year 1,2/2/2013," $96,619,000,000 "," $76,726,000,000 "," $15,477,000,000 ", $-   ," $1,652,000,000 ",Consumer Staples,Food Retail
928,KR,Year 2,2/1/2014," $98,375,000,000 "," $78,138,000,000 "," $15,809,000,000 ", $-   ," $1,703,000,000 ",Consumer Staples,Food Retail
929,KR,Year 3,1/31/2015," $108,465,000,000 "," $85,512,000,000 "," $17,868,000,000 ", $-   ," $1,948,000,000 ",Consumer Staples,Food Retail
930,KR,Year 4,1/30/2016," $109,830,000,000 "," $85,496,000,000 "," $18,669,000,000 ", $-   ," $2,089,000,000 ",Consumer Staples,Food Retail
931,KSS,Year 1,2/2/2013," $19,279,000,000 "," $12,289,000,000 "," $4,267,000,000 ", $-   ," $833,000,000 ",Consumer Discretionary,General Merchandise Stores
932,KSS,Year 2,2/1/2014," $19,031,000,000 "," $12,087,000,000 "," $4,313,000,000 ", $-   ," $889,000,000 ",Consumer Discretionary,General Merchandise Stores
933,KSS,Year 3,1/31/2015," $19,023,000,000 "," $12,098,000,000 "," $4,350,000,000 ", $-   ," $886,000,000 ",Consumer Discretionary,General Merchandise Stores
934,KSS,Year 4,1/30/2016," $19,204,000,000 "," $12,265,000,000 "," $4,452,000,000 ", $-   ," $934,000,000 ",Consumer Discretionary,General Merchandise Stores
935,KSU,Year 1,12/31/2013," $2,369,300,000 "," $805,300,000 "," $602,100,000 ", $-   ," $223,300,000 ",Industrials,Railroads
936,KSU,Year 2,12/31/2014," $2,577,100,000 "," $877,900,000 "," $632,000,000 ", $-   ," $258,100,000 ",Industrials,Railroads
937,KSU,Year 3,12/31/2015," $2,418,800,000 "," $759,200,000 "," $571,200,000 ", $-   ," $284,600,000 ",Industrials,Railroads
938,KSU,Year 4,12/31/2016," $2,334,200,000 "," $691,100,000 "," $519,600,000 ", $-   ," $305,000,000 ",Industrials,Railroads
939,LB,Year 1,2/2/2013," $10,459,000,000 "," $6,073,000,000 "," $2,720,000,000 ", $-   , $-   ,Consumer Discretionary,Apparel Retail
940,LB,Year 2,2/1/2014," $10,773,000,000 "," $6,344,000,000 "," $2,686,000,000 ", $-   , $-   ,Consumer Discretionary,Apparel Retail
941,LB,Year 3,1/31/2015," $11,454,000,000 "," $6,646,000,000 "," $2,855,000,000 ", $-   , $-   ,Consumer Discretionary,Apparel Retail
942,LB,Year 4,1/30/2016," $12,154,000,000 "," $6,950,000,000 "," $3,012,000,000 ", $-   , $-   ,Consumer Discretionary,Apparel Retail
943,LEG,Year 1,12/31/2012," $3,414,500,000 "," $2,718,900,000 "," $346,100,000 ", $-   ," $25,100,000 ",Industrials,Industrial Conglomerates
944,LEG,Year 2,12/31/2013," $3,477,200,000 "," $2,767,300,000 "," $346,900,000 ", $-   ," $25,400,000 ",Industrials,Industrial Conglomerates
945,LEG,Year 3,12/31/2014," $3,782,300,000 "," $2,991,900,000 "," $439,200,000 ", $-   ," $19,700,000 ",Industrials,Industrial Conglomerates
946,LEG,Year 4,12/31/2015," $3,917,200,000 "," $2,994,000,000 "," $411,800,000 ", $-   ," $20,800,000 ",Industrials,Industrial Conglomerates
947,LEN,Year 1,11/30/2013," $5,935,095,000 "," $4,920,664,000 "," $328,595,000 ", $-   , $-   ,Consumer Discretionary,Homebuilding
948,LEN,Year 2,11/30/2014," $7,779,812,000 "," $6,336,272,000 "," $521,502,000 ", $-   , $-   ,Consumer Discretionary,Homebuilding
949,LEN,Year 3,11/30/2015," $9,474,008,000 "," $7,757,571,000 "," $630,421,000 ", $-   , $-   ,Consumer Discretionary,Homebuilding
950,LEN,Year 4,11/30/2016," $10,949,999,000 "," $8,923,519,000 "," $764,117,000 ", $-   , $-   ,Consumer Discretionary,Homebuilding
951,LH,Year 1,12/31/2012," $5,671,400,000 "," $3,421,700,000 "," $1,114,600,000 ", $-   ," $86,300,000 ",Health Care,Health Care Facilities
952,LH,Year 2,12/31/2013," $5,808,300,000 "," $3,585,100,000 "," $1,128,800,000 ", $-   ," $81,700,000 ",Health Care,Health Care Facilities
953,LH,Year 3,12/31/2014," $6,011,600,000 "," $3,808,500,000 "," $1,198,200,000 ", $-   ," $76,700,000 ",Health Care,Health Care Facilities
954,LH,Year 4,12/31/2015," $8,680,100,000 "," $5,776,800,000 "," $1,622,000,000 ", $-   ," $164,500,000 ",Health Care,Health Care Facilities
955,LKQ,Year 1,12/31/2012," $4,122,930,000 "," $2,398,790,000 "," $1,219,343,000 ", $-   ," $64,093,000 ",Consumer Discretionary,Distributors
956,LKQ,Year 2,12/31/2013," $5,062,528,000 "," $2,987,126,000 "," $1,454,080,000 ", $-   ," $80,969,000 ",Consumer Discretionary,Distributors
957,LKQ,Year 3,12/31/2014," $6,740,064,000 "," $4,088,151,000 "," $1,866,520,000 ", $-   ," $120,719,000 ",Consumer Discretionary,Distributors
958,LKQ,Year 4,12/31/2015," $7,192,633,000 "," $4,359,104,000 "," $1,987,271,000 ", $-   ," $122,120,000 ",Consumer Discretionary,Distributors
959,LLL,Year 1,12/31/2012," $13,107,000,000 "," $11,799,000,000 ", $-   , $-   , $-   ,Industrials,Industrial Conglomerates
960,LLL,Year 2,12/31/2013," $11,420,000,000 "," $10,303,000,000 ", $-   , $-   , $-   ,Industrials,Industrial Conglomerates
961,LLL,Year 3,12/31/2014," $10,986,000,000 "," $9,974,000,000 ", $-   , $-   , $-   ,Industrials,Industrial Conglomerates
962,LLL,Year 4,12/31/2015," $10,466,000,000 "," $9,576,000,000 ", $-   , $-   , $-   ,Industrials,Industrial Conglomerates
963,LLTC,Year 1,6/30/2013," $1,282,236,000 "," $322,516,000 "," $151,382,000 "," $235,184,000 ", $-   ,Information Technology,Semiconductors
964,LLTC,Year 2,6/29/2014," $1,388,386,000 "," $338,580,000 "," $159,642,000 "," $250,434,000 ", $-   ,Information Technology,Semiconductors
965,LLTC,Year 3,6/28/2015," $1,475,139,000 "," $355,727,000 "," $169,952,000 "," $266,761,000 ", $-   ,Information Technology,Semiconductors
966,LLTC,Year 4,7/3/2016," $1,423,936,000 "," $343,801,000 "," $170,120,000 "," $276,462,000 ", $-   ,Information Technology,Semiconductors
967,LLY,Year 1,12/31/2012," $22,603,400,000 "," $4,796,500,000 "," $6,839,500,000 "," $5,278,100,000 ", $-   ,Health Care,Pharmaceuticals
968,LLY,Year 2,12/31/2013," $23,113,100,000 "," $4,908,100,000 "," $6,606,700,000 "," $5,531,300,000 ", $-   ,Health Care,Pharmaceuticals
969,LLY,Year 3,12/31/2014," $19,615,600,000 "," $4,932,500,000 "," $6,280,300,000 "," $4,733,600,000 ", $-   ,Health Care,Pharmaceuticals
970,LLY,Year 4,12/31/2015," $19,958,700,000 "," $5,037,200,000 "," $6,432,400,000 "," $4,796,400,000 ", $-   ,Health Care,Pharmaceuticals
971,LMT,Year 1,12/31/2013," $45,358,000,000 "," $41,171,000,000 "," $(318,000,000)", $-   , $-   ,Industrials,Aerospace & Defense
972,LMT,Year 2,12/31/2014," $39,946,000,000 "," $35,263,000,000 "," $(329,000,000)", $-   , $-   ,Industrials,Aerospace & Defense
973,LMT,Year 3,12/31/2015," $40,536,000,000 "," $36,044,000,000 "," $(220,000,000)", $-   , $-   ,Industrials,Aerospace & Defense
974,LMT,Year 4,12/31/2016," $47,248,000,000 "," $42,186,000,000 "," $(487,000,000)", $-   , $-   ,Industrials,Aerospace & Defense
975,LNT,Year 1,12/31/2012," $3,094,500,000 "," $2,144,200,000 "," $98,200,000 ", $-   ," $332,400,000 ",Utilities,Electric Utilities
976,LNT,Year 2,12/31/2013," $3,276,800,000 "," $2,272,400,000 "," $99,600,000 ", $-   ," $370,900,000 ",Utilities,Electric Utilities
977,LNT,Year 3,12/31/2014," $3,350,300,000 "," $2,317,500,000 "," $101,100,000 ", $-   ," $388,100,000 ",Utilities,Electric Utilities
978,LNT,Year 4,12/31/2015," $3,253,600,000 "," $2,171,600,000 "," $103,700,000 ", $-   ," $401,300,000 ",Utilities,Electric Utilities
979,LOW,Year 1,2/1/2013," $50,521,000,000 "," $33,194,000,000 "," $12,244,000,000 ", $-   ," $1,523,000,000 ",Consumer Discretionary,Home Improvement Retail
980,LOW,Year 2,1/31/2014," $53,417,000,000 "," $34,941,000,000 "," $12,865,000,000 ", $-   ," $1,462,000,000 ",Consumer Discretionary,Home Improvement Retail
981,LOW,Year 3,1/30/2015," $56,223,000,000 "," $36,665,000,000 "," $13,281,000,000 ", $-   ," $1,485,000,000 ",Consumer Discretionary,Home Improvement Retail
982,LOW,Year 4,1/29/2016," $59,074,000,000 "," $38,504,000,000 "," $14,115,000,000 ", $-   ," $1,484,000,000 ",Consumer Discretionary,Home Improvement Retail
983,LRCX,Year 1,6/30/2013," $3,598,916,000 "," $2,195,857,000 "," $601,300,000 "," $683,688,000 ", $-   ,Information Technology,Semiconductor Equipment
984,LRCX,Year 2,6/29/2014," $4,607,309,000 "," $2,599,828,000 "," $613,341,000 "," $716,471,000 ", $-   ,Information Technology,Semiconductor Equipment
985,LRCX,Year 3,6/28/2015," $5,259,312,000 "," $2,974,976,000 "," $591,611,000 "," $825,242,000 ", $-   ,Information Technology,Semiconductor Equipment
986,LRCX,Year 4,6/26/2016," $5,885,893,000 "," $3,266,971,000 "," $630,954,000 "," $913,712,000 ", $-   ,Information Technology,Semiconductor Equipment
987,LUK,Year 1,12/31/2012," $7,810,610,000 "," $7,479,746,000 "," $360,586,000 ", $-   ," $116,388,000 ",Financials,Multi-Sector Holdings
988,LUK,Year 2,12/31/2013," $9,531,778,000 "," $7,567,707,000 "," $2,177,616,000 ", $-   ," $167,425,000 ",Financials,Multi-Sector Holdings
989,LUK,Year 3,12/31/2014," $10,681,897,000 "," $8,024,286,000 "," $2,856,642,000 ", $-   ," $185,993,000 ",Financials,Multi-Sector Holdings
990,LUK,Year 4,12/31/2015," $10,116,502,000 "," $7,677,233,000 "," $2,620,072,000 ", $-   ," $224,133,000 ",Financials,Multi-Sector Holdings
991,LUV,Year 1,12/31/2013," $17,699,000,000 "," $8,307,000,000 "," $7,161,000,000 ", $-   ," $867,000,000 ",Industrials,Airlines
992,LUV,Year 2,12/31/2014," $18,605,000,000 "," $7,677,000,000 "," $7,639,000,000 ", $-   ," $938,000,000 ",Industrials,Airlines
993,LUV,Year 3,12/31/2015," $19,820,000,000 "," $6,025,000,000 "," $8,625,000,000 ", $-   ," $1,015,000,000 ",Industrials,Airlines
994,LUV,Year 4,12/31/2016," $20,425,000,000 "," $6,132,000,000 "," $9,312,000,000 ", $-   ," $1,221,000,000 ",Industrials,Airlines
995,LVLT,Year 1,12/31/2012," $6,376,000,000 "," $3,851,000,000 "," $1,201,000,000 ", $-   ," $749,000,000 ",Telecommunications Services,Alternative Carriers
996,LVLT,Year 2,12/31/2013," $6,313,000,000 "," $3,685,000,000 "," $1,162,000,000 ", $-   ," $800,000,000 ",Telecommunications Services,Alternative Carriers
997,LVLT,Year 3,12/31/2014," $6,777,000,000 "," $3,775,000,000 "," $1,181,000,000 ", $-   ," $808,000,000 ",Telecommunications Services,Alternative Carriers
998,LVLT,Year 4,12/31/2015," $8,229,000,000 "," $4,265,000,000 "," $1,467,000,000 ", $-   ," $1,166,000,000 ",Telecommunications Services,Alternative Carriers
999,LYB,Year 1,12/31/2012," $45,352,000,000 "," $39,595,000,000 "," $909,000,000 "," $172,000,000 ", $-   ,Materials,Diversified Chemicals
1000,LYB,Year 2,12/31/2013," $44,062,000,000 "," $37,940,000,000 "," $870,000,000 "," $150,000,000 ", $-   ,Materials,Diversified Chemicals
1001,LYB,Year 3,12/31/2014," $45,608,000,000 "," $38,939,000,000 "," $806,000,000 "," $127,000,000 ", $-   ,Materials,Diversified Chemicals
1002,LYB,Year 4,12/31/2015," $32,735,000,000 "," $25,683,000,000 "," $828,000,000 "," $102,000,000 ", $-   ,Materials,Diversified Chemicals
1003,M,Year 1,2/2/2013," $27,686,000,000 "," $16,538,000,000 "," $8,482,000,000 ", $-   , $-   ,Consumer Discretionary,Department Stores
1004,M,Year 2,2/1/2014," $27,931,000,000 "," $16,725,000,000 "," $8,440,000,000 ", $-   , $-   ,Consumer Discretionary,Department Stores
1005,M,Year 3,1/31/2015," $28,105,000,000 "," $16,863,000,000 "," $8,355,000,000 ", $-   , $-   ,Consumer Discretionary,Department Stores
1006,M,Year 4,1/30/2016," $27,079,000,000 "," $16,496,000,000 "," $8,256,000,000 ", $-   , $-   ,Consumer Discretionary,Department Stores
1007,MA,Year 1,12/31/2013," $8,312,000,000 ", $-   ," $3,456,000,000 ", $-   ," $258,000,000 ",Information Technology,Internet Software & Services
1008,MA,Year 2,12/31/2014," $9,441,000,000 ", $-   ," $4,014,000,000 ", $-   ," $321,000,000 ",Information Technology,Internet Software & Services
1009,MA,Year 3,12/31/2015," $9,667,000,000 ", $-   ," $4,162,000,000 ", $-   ," $366,000,000 ",Information Technology,Internet Software & Services
1010,MA,Year 4,12/31/2016," $10,776,000,000 ", $-   ," $4,525,000,000 ", $-   ," $373,000,000 ",Information Technology,Internet Software & Services
1011,MAA,Year 1,12/31/2012," $475,888,000 "," $117,275,000 "," $47,115,000 ", $-   ," $121,211,000 ",Real Estate,Residential REITs
1012,MAA,Year 2,12/31/2013," $635,490,000 "," $172,050,000 "," $43,720,000 ", $-   ," $186,979,000 ",Real Estate,Residential REITs
1013,MAA,Year 3,12/31/2014," $992,332,000 "," $275,379,000 "," $57,664,000 ", $-   ," $301,812,000 ",Real Estate,Residential REITs
1014,MAA,Year 4,12/31/2015," $1,042,779,000 "," $280,901,000 "," $53,992,000 ", $-   ," $294,520,000 ",Real Estate,Residential REITs
1015,MAC,Year 1,12/31/2012," $797,517,000 "," $337,533,000 "," $20,412,000 ", $-   ," $277,621,000 ",Real Estate,Retail REITs
1016,MAC,Year 2,12/31/2013," $1,029,475,000 "," $423,256,000 "," $27,772,000 ", $-   ," $357,165,000 ",Real Estate,Retail REITs
1017,MAC,Year 3,12/31/2014," $1,105,247,000 "," $441,929,000 "," $29,412,000 ", $-   ," $378,716,000 ",Real Estate,Retail REITs
1018,MAC,Year 4,12/31/2015," $1,288,149,000 "," $497,359,000 "," $29,870,000 ", $-   ," $464,472,000 ",Real Estate,Retail REITs
1019,MAR,Year 1,12/31/2012," $11,814,000,000 "," $10,190,000,000 "," $582,000,000 ", $-   ," $102,000,000 ",Consumer Discretionary,"Hotels, Resorts & Cruise Lines"
1020,MAR,Year 2,12/31/2013," $12,784,000,000 "," $11,020,000,000 "," $649,000,000 ", $-   ," $127,000,000 ",Consumer Discretionary,"Hotels, Resorts & Cruise Lines"
1021,MAR,Year 3,12/31/2014," $13,796,000,000 "," $11,830,000,000 "," $659,000,000 ", $-   ," $148,000,000 ",Consumer Discretionary,"Hotels, Resorts & Cruise Lines"
1022,MAR,Year 4,12/31/2015," $14,486,000,000 "," $12,363,000,000 "," $634,000,000 ", $-   ," $139,000,000 ",Consumer Discretionary,"Hotels, Resorts & Cruise Lines"
1023,MAS,Year 1,12/31/2013," $6,761,000,000 "," $4,802,000,000 "," $1,347,000,000 ", $-   , $-   ,Industrials,Building Products
1024,MAS,Year 2,12/31/2014," $7,006,000,000 "," $4,946,000,000 "," $1,338,000,000 ", $-   , $-   ,Industrials,Building Products
1025,MAS,Year 3,12/31/2015," $7,142,000,000 "," $4,889,000,000 "," $1,339,000,000 ", $-   , $-   ,Industrials,Building Products
1026,MAS,Year 4,12/31/2016," $7,357,000,000 "," $4,901,000,000 "," $1,403,000,000 ", $-   , $-   ,Industrials,Building Products
1027,MAT,Year 1,12/31/2012," $6,420,881,000 "," $3,011,684,000 "," $2,388,182,000 ", $-   , $-   ,Consumer Discretionary,Leisure Products
1028,MAT,Year 2,12/31/2013," $6,484,892,000 "," $3,006,009,000 "," $2,310,780,000 ", $-   , $-   ,Consumer Discretionary,Leisure Products
1029,MAT,Year 3,12/31/2014," $6,023,819,000 "," $3,022,797,000 "," $2,347,308,000 ", $-   , $-   ,Consumer Discretionary,Leisure Products
1030,MAT,Year 4,12/31/2015," $5,702,613,000 "," $2,896,255,000 "," $2,265,436,000 ", $-   , $-   ,Consumer Discretionary,Leisure Products
1031,MCD,Year 1,12/31/2012," $27,567,000,000 "," $16,750,700,000 "," $2,211,700,000 ", $-   , $-   ,Consumer Discretionary,Restaurants
1032,MCD,Year 2,12/31/2013," $28,105,700,000 "," $17,203,000,000 "," $2,138,400,000 ", $-   , $-   ,Consumer Discretionary,Restaurants
1033,MCD,Year 3,12/31/2014," $27,441,300,000 "," $16,985,600,000 "," $2,506,500,000 ", $-   , $-   ,Consumer Discretionary,Restaurants
1034,MCD,Year 4,12/31/2015," $25,413,000,000 "," $15,623,800,000 "," $2,643,700,000 ", $-   , $-   ,Consumer Discretionary,Restaurants
1035,MCHP,Year 1,3/31/2013," $1,581,623,000 "," $743,164,000 "," $261,471,000 "," $254,723,000 "," $111,537,000 ",Information Technology,Semiconductors
1036,MCHP,Year 2,3/31/2014," $1,931,217,000 "," $802,474,000 "," $267,278,000 "," $305,043,000 "," $94,534,000 ",Information Technology,Semiconductors
1037,MCHP,Year 3,3/31/2015," $2,147,036,000 "," $917,472,000 "," $274,815,000 "," $349,543,000 "," $176,746,000 ",Information Technology,Semiconductors
1038,MCHP,Year 4,3/31/2016," $2,173,334,000 "," $967,870,000 "," $301,670,000 "," $372,596,000 "," $174,896,000 ",Information Technology,Semiconductors
1039,MCK,Year 1,3/31/2013," $122,196,000,000 "," $115,315,000,000 "," $4,110,000,000 "," $433,000,000 ", $-   ,Health Care,Health Care Distributors
1040,MCK,Year 2,3/31/2014," $137,392,000,000 "," $129,040,000,000 "," $5,388,000,000 "," $457,000,000 ", $-   ,Health Care,Health Care Distributors
1041,MCK,Year 3,3/31/2015," $179,045,000,000 "," $167,634,000,000 "," $7,901,000,000 "," $392,000,000 ", $-   ,Health Care,Health Care Distributors
1042,MCK,Year 4,3/31/2016," $190,884,000,000 "," $179,468,000,000 "," $7,276,000,000 "," $392,000,000 ", $-   ,Health Care,Health Care Distributors
1043,MCO,Year 1,12/31/2012," $2,730,300,000 "," $795,000,000 "," $752,200,000 ", $-   ," $93,500,000 ",Financials,Diversified Financial Services
1044,MCO,Year 2,12/31/2013," $2,972,500,000 "," $822,400,000 "," $822,100,000 ", $-   ," $93,400,000 ",Financials,Diversified Financial Services
1045,MCO,Year 3,12/31/2014," $3,334,300,000 "," $930,300,000 "," $869,300,000 ", $-   ," $95,600,000 ",Financials,Diversified Financial Services
1046,MCO,Year 4,12/31/2015," $3,484,500,000 "," $976,300,000 "," $921,300,000 ", $-   ," $113,500,000 ",Financials,Diversified Financial Services
1047,MDLZ,Year 1,12/31/2012," $35,015,000,000 "," $21,939,000,000 "," $9,176,000,000 ", $-   ," $217,000,000 ",Consumer Staples,Packaged Foods & Meats
1048,MDLZ,Year 2,12/31/2013," $35,299,000,000 "," $22,189,000,000 "," $8,679,000,000 ", $-   ," $217,000,000 ",Consumer Staples,Packaged Foods & Meats
1049,MDLZ,Year 3,12/31/2014," $34,244,000,000 "," $21,647,000,000 "," $8,457,000,000 ", $-   ," $206,000,000 ",Consumer Staples,Packaged Foods & Meats
1050,MDLZ,Year 4,12/31/2015," $29,636,000,000 "," $18,124,000,000 "," $7,577,000,000 ", $-   ," $181,000,000 ",Consumer Staples,Packaged Foods & Meats
1051,MET,Year 1,12/31/2012," $68,150,000,000 "," $37,987,000,000 "," $9,098,000,000 ", $-   ," $17,755,000,000 ",Financials,Life & Health Insurance
1052,MET,Year 2,12/31/2013," $68,199,000,000 "," $38,107,000,000 "," $9,438,000,000 ", $-   ," $16,602,000,000 ",Financials,Life & Health Insurance
1053,MET,Year 3,12/31/2014," $73,316,000,000 "," $39,102,000,000 "," $8,319,000,000 ", $-   ," $17,091,000,000 ",Financials,Life & Health Insurance
1054,MET,Year 4,12/31/2015," $69,951,000,000 "," $38,714,000,000 "," $6,998,000,000 ", $-   ," $16,769,000,000 ",Financials,Life & Health Insurance
1055,MHK,Year 1,12/31/2012," $5,787,980,000 "," $4,297,922,000 "," $1,110,550,000 ", $-   , $-   ,Consumer Discretionary,Home Furnishings
1056,MHK,Year 2,12/31/2013," $7,348,754,000 "," $5,427,945,000 "," $1,373,878,000 ", $-   , $-   ,Consumer Discretionary,Home Furnishings
1057,MHK,Year 3,12/31/2014," $7,803,446,000 "," $5,649,254,000 "," $1,381,396,000 ", $-   , $-   ,Consumer Discretionary,Home Furnishings
1058,MHK,Year 4,12/31/2015," $8,071,563,000 "," $5,660,877,000 "," $1,573,120,000 ", $-   , $-   ,Consumer Discretionary,Home Furnishings
1059,MJN,Year 1,12/31/2012," $3,901,300,000 "," $1,503,800,000 "," $1,457,300,000 "," $100,100,000 ", $-   ,Consumer Staples,Packaged Foods & Meats
1060,MJN,Year 2,12/31/2013," $4,200,700,000 "," $1,528,500,000 "," $1,548,600,000 "," $100,200,000 ", $-   ,Consumer Staples,Packaged Foods & Meats
1061,MJN,Year 3,12/31/2014," $4,409,300,000 "," $1,700,600,000 "," $1,617,600,000 "," $115,100,000 ", $-   ,Consumer Staples,Packaged Foods & Meats
1062,MJN,Year 4,12/31/2015," $4,071,300,000 "," $1,455,300,000 "," $1,532,400,000 "," $108,400,000 ", $-   ,Consumer Staples,Packaged Foods & Meats
1063,MKC,Year 1,11/30/2013," $4,123,400,000 "," $2,457,600,000 "," $1,090,300,000 ", $-   , $-   ,Consumer Staples,Packaged Foods & Meats
1064,MKC,Year 2,11/30/2014," $4,243,200,000 "," $2,513,000,000 "," $1,122,000,000 ", $-   , $-   ,Consumer Staples,Packaged Foods & Meats
1065,MKC,Year 3,11/30/2015," $4,296,300,000 "," $2,559,000,000 "," $1,127,400,000 ", $-   , $-   ,Consumer Staples,Packaged Foods & Meats
1066,MKC,Year 4,11/30/2016," $4,411,500,000 "," $2,579,800,000 "," $1,175,000,000 ", $-   , $-   ,Consumer Staples,Packaged Foods & Meats
1067,MLM,Year 1,12/31/2012," $2,031,901,000 "," $1,704,767,000 "," $135,824,000 ", $-   , $-   ,Materials,Construction Materials
1068,MLM,Year 2,12/31/2013," $2,155,551,000 "," $1,791,594,000 "," $145,298,000 ", $-   , $-   ,Materials,Construction Materials
1069,MLM,Year 3,12/31/2014," $2,957,951,000 "," $2,435,591,000 "," $164,596,000 ", $-   , $-   ,Materials,Construction Materials
1070,MLM,Year 4,12/31/2015," $3,539,570,000 "," $2,817,803,000 "," $233,887,000 ", $-   , $-   ,Materials,Construction Materials
1071,MMC,Year 1,12/31/2012," $11,924,000,000 ", $-   ," $7,134,000,000 ", $-   ," $2,961,000,000 ",Financials,Insurance Brokers
1072,MMC,Year 2,12/31/2013," $12,261,000,000 ", $-   ," $7,226,000,000 ", $-   ," $2,958,000,000 ",Financials,Insurance Brokers
1073,MMC,Year 3,12/31/2014," $12,951,000,000 ", $-   ," $7,515,000,000 ", $-   ," $3,135,000,000 ",Financials,Insurance Brokers
1074,MMC,Year 4,12/31/2015," $12,893,000,000 ", $-   ," $7,334,000,000 ", $-   ," $3,140,000,000 ",Financials,Insurance Brokers
1075,MMM,Year 1,12/31/2013," $30,871,000,000 "," $16,106,000,000 "," $6,384,000,000 "," $1,715,000,000 ", $-   ,Industrials,Industrial Conglomerates
1076,MMM,Year 2,12/31/2014," $31,821,000,000 "," $16,447,000,000 "," $6,469,000,000 "," $1,770,000,000 ", $-   ,Industrials,Industrial Conglomerates
1077,MMM,Year 3,12/31/2015," $30,274,000,000 "," $15,383,000,000 "," $6,182,000,000 "," $1,763,000,000 ", $-   ,Industrials,Industrial Conglomerates
1078,MMM,Year 4,12/31/2016," $30,109,000,000 "," $15,040,000,000 "," $6,111,000,000 "," $1,735,000,000 ", $-   ,Industrials,Industrial Conglomerates
1079,MNST,Year 1,12/31/2012," $2,060,702,000 "," $995,046,000 ", $-   , $-   , $-   ,Consumer Staples,Soft Drinks
1080,MNST,Year 2,12/31/2013," $2,246,428,000 "," $1,073,497,000 ", $-   , $-   , $-   ,Consumer Staples,Soft Drinks
1081,MNST,Year 3,12/31/2014," $2,464,867,000 "," $1,125,057,000 ", $-   , $-   , $-   ,Consumer Staples,Soft Drinks
1082,MNST,Year 4,12/31/2015," $2,722,564,000 "," $1,090,263,000 ", $-   , $-   , $-   ,Consumer Staples,Soft Drinks
1083,MO,Year 1,12/31/2012," $24,618,000,000 "," $15,055,000,000 "," $2,249,000,000 ", $-   , $-   ,Consumer Staples,Tobacco
1084,MO,Year 2,12/31/2013," $24,466,000,000 "," $14,009,000,000 "," $2,362,000,000 ", $-   , $-   ,Consumer Staples,Tobacco
1085,MO,Year 3,12/31/2014," $24,522,000,000 "," $14,362,000,000 "," $2,541,000,000 ", $-   , $-   ,Consumer Staples,Tobacco
1086,MO,Year 4,12/31/2015," $25,434,000,000 "," $14,320,000,000 "," $2,749,000,000 ", $-   , $-   ,Consumer Staples,Tobacco
1087,MON,Year 1,8/31/2013," $14,861,000,000 "," $7,208,000,000 "," $2,550,000,000 "," $1,533,000,000 ", $-   ,Materials,Fertilizers & Agricultural Chemicals
1088,MON,Year 2,8/31/2014," $15,855,000,000 "," $7,281,000,000 "," $2,774,000,000 "," $1,725,000,000 ", $-   ,Materials,Fertilizers & Agricultural Chemicals
1089,MON,Year 3,8/31/2015," $15,001,000,000 "," $6,819,000,000 "," $2,686,000,000 "," $1,580,000,000 ", $-   ,Materials,Fertilizers & Agricultural Chemicals
1090,MON,Year 4,8/31/2016," $13,502,000,000 "," $6,485,000,000 "," $2,833,000,000 "," $1,512,000,000 ", $-   ,Materials,Fertilizers & Agricultural Chemicals
1091,MOS,Year 1,5/31/2013," $9,974,100,000 "," $7,213,900,000 "," $550,600,000 ", $-   , $-   ,Materials,Fertilizers & Agricultural Chemicals
1092,MOS,Year 2,12/31/2014," $9,055,800,000 "," $7,129,200,000 "," $505,800,000 ", $-   , $-   ,Materials,Fertilizers & Agricultural Chemicals
1093,MOS,Year 3,12/31/2015," $8,895,300,000 "," $7,177,400,000 "," $439,100,000 ", $-   , $-   ,Materials,Fertilizers & Agricultural Chemicals
1094,MOS,Year 4,12/31/2016," $7,162,800,000 "," $6,352,800,000 "," $491,000,000 ", $-   , $-   ,Materials,Fertilizers & Agricultural Chemicals
1095,MPC,Year 1,12/31/2012," $82,243,000,000 "," $68,948,000,000 "," $7,202,000,000 ", $-   ," $995,000,000 ",Energy,Oil & Gas Refining & Marketing & Transportation
1096,MPC,Year 2,12/31/2013," $100,160,000,000 "," $87,758,000,000 "," $7,851,000,000 ", $-   ," $1,220,000,000 ",Energy,Oil & Gas Refining & Marketing & Transportation
1097,MPC,Year 3,12/31/2014," $97,817,000,000 "," $84,275,000,000 "," $8,450,000,000 ", $-   ," $1,326,000,000 ",Energy,Oil & Gas Refining & Marketing & Transportation
1098,MPC,Year 4,12/31/2015," $72,051,000,000 "," $55,891,000,000 "," $10,029,000,000 ", $-   ," $1,646,000,000 ",Energy,Oil & Gas Refining & Marketing & Transportation
1099,MRK,Year 1,12/31/2012," $47,267,000,000 "," $16,446,000,000 "," $12,776,000,000 "," $8,168,000,000 ", $-   ,Health Care,Pharmaceuticals
1100,MRK,Year 2,12/31/2013," $44,033,000,000 "," $16,954,000,000 "," $11,911,000,000 "," $7,503,000,000 ", $-   ,Health Care,Pharmaceuticals
1101,MRK,Year 3,12/31/2014," $42,237,000,000 "," $16,768,000,000 "," $11,606,000,000 "," $7,180,000,000 ", $-   ,Health Care,Pharmaceuticals
1102,MRK,Year 4,12/31/2015," $39,498,000,000 "," $14,934,000,000 "," $10,313,000,000 "," $6,704,000,000 ", $-   ,Health Care,Pharmaceuticals
1103,MRO,Year 1,12/31/2012," $11,966,000,000 "," $2,079,000,000 "," $4,017,000,000 ", $-   ," $2,008,000,000 ",Energy,Oil & Gas Exploration & Production
1104,MRO,Year 2,12/31/2013," $11,325,000,000 "," $2,156,000,000 "," $3,469,000,000 ", $-   ," $2,500,000,000 ",Energy,Oil & Gas Exploration & Production
1105,MRO,Year 3,12/31/2014," $10,846,000,000 "," $2,246,000,000 "," $3,627,000,000 ", $-   ," $2,861,000,000 ",Energy,Oil & Gas Exploration & Production
1106,MRO,Year 4,12/31/2015," $5,522,000,000 "," $1,694,000,000 "," $1,831,000,000 ", $-   ," $2,957,000,000 ",Energy,Oil & Gas Exploration & Production
1107,MSFT,Year 1,6/30/2013," $77,849,000,000 "," $20,385,000,000 "," $20,289,000,000 "," $10,411,000,000 ", $-   ,Information Technology,Systems Software
1108,MSFT,Year 2,6/30/2014," $86,833,000,000 "," $27,078,000,000 "," $20,488,000,000 "," $11,381,000,000 ", $-   ,Information Technology,Systems Software
1109,MSFT,Year 3,6/30/2015," $93,580,000,000 "," $33,038,000,000 "," $20,324,000,000 "," $12,046,000,000 ", $-   ,Information Technology,Systems Software
1110,MSFT,Year 4,6/30/2016," $85,320,000,000 "," $32,780,000,000 "," $19,260,000,000 "," $11,988,000,000 ", $-   ,Information Technology,Systems Software
1111,MTB,Year 1,12/31/2012," $4,608,955,000 "," $116,586,000 "," $2,448,629,000 ", $-   ," $264,631,000 ",Financials,Banks
1112,MTB,Year 2,12/31/2013," $4,822,539,000 "," $83,692,000 "," $2,540,954,000 ", $-   ," $231,912,000 ",Financials,Banks
1113,MTB,Year 3,12/31/2014," $4,736,150,000 "," $63,083,000 "," $2,655,650,000 ", $-   ," $157,824,000 ",Financials,Banks
1114,MTB,Year 4,12/31/2015," $4,995,881,000 "," $73,814,000 "," $2,796,508,000 ", $-   ," $196,424,000 ",Financials,Banks
1115,MTD,Year 1,12/31/2013," $2,378,972,000 "," $1,097,041,000 "," $692,693,000 "," $116,346,000 "," $24,539,000 ",Health Care,Life Sciences Tools & Services
1116,MTD,Year 2,12/31/2014," $2,485,983,000 "," $1,127,233,000 "," $728,582,000 "," $123,297,000 "," $29,185,000 ",Health Care,Life Sciences Tools & Services
1117,MTD,Year 3,12/31/2015," $2,395,447,000 "," $1,043,454,000 "," $700,810,000 "," $119,076,000 "," $30,951,000 ",Health Care,Life Sciences Tools & Services
1118,MTD,Year 4,12/31/2016," $2,508,257,000 "," $1,072,670,000 "," $732,622,000 "," $119,968,000 "," $36,052,000 ",Health Care,Life Sciences Tools & Services
1119,MU,Year 1,8/29/2013," $9,073,000,000 "," $7,226,000,000 "," $554,000,000 "," $931,000,000 ", $-   ,Information Technology,Semiconductors
1120,MU,Year 2,8/28/2014," $16,358,000,000 "," $10,921,000,000 "," $939,000,000 "," $1,371,000,000 ", $-   ,Information Technology,Semiconductors
1121,MU,Year 3,9/3/2015," $16,192,000,000 "," $10,977,000,000 "," $674,000,000 "," $1,540,000,000 ", $-   ,Information Technology,Semiconductors
1122,MU,Year 4,9/1/2016," $12,399,000,000 "," $9,894,000,000 "," $653,000,000 "," $1,617,000,000 ", $-   ,Information Technology,Semiconductors
1123,MUR,Year 1,12/31/2012," $4,608,563,000 "," $1,079,136,000 "," $285,144,000 ", $-   ," $1,291,456,000 ",Energy,Integrated Oil & Gas
1124,MUR,Year 2,12/31/2013," $5,312,686,000 "," $1,252,812,000 "," $466,498,000 ", $-   ," $1,602,390,000 ",Energy,Integrated Oil & Gas
1125,MUR,Year 3,12/31/2014," $5,288,933,000 "," $1,089,888,000 "," $471,219,000 ", $-   ," $1,957,025,000 ",Energy,Integrated Oil & Gas
1126,MUR,Year 4,12/31/2015," $2,787,116,000 "," $832,306,000 "," $372,457,000 ", $-   ," $1,668,489,000 ",Energy,Integrated Oil & Gas
1127,MYL,Year 1,12/31/2014," $7,719,600,000 "," $4,191,600,000 "," $1,545,700,000 "," $581,800,000 ", $-   ,Health Care,Pharmaceuticals
1128,MYL,Year 2,12/31/2015," $9,429,300,000 "," $5,213,200,000 "," $2,180,700,000 "," $671,900,000 ", $-   ,Health Care,Pharmaceuticals
1132,NBL,Year 1,12/31/2013," $5,015,000,000 "," $844,000,000 "," $446,000,000 ", $-   ," $1,568,000,000 ",Energy,Oil & Gas Exploration & Production
1133,NBL,Year 2,12/31/2014," $5,115,000,000 "," $945,000,000 "," $495,000,000 ", $-   ," $1,759,000,000 ",Energy,Oil & Gas Exploration & Production
1134,NBL,Year 3,12/31/2015," $3,183,000,000 "," $979,000,000 "," $745,000,000 ", $-   ," $2,131,000,000 ",Energy,Oil & Gas Exploration & Production
1135,NBL,Year 4,12/31/2016," $3,491,000,000 "," $1,083,000,000 "," $233,000,000 ", $-   ," $2,454,000,000 ",Energy,Oil & Gas Exploration & Production
1136,NDAQ,Year 1,12/31/2012," $3,023,000,000 "," $1,446,000,000 "," $832,000,000 ", $-   ," $104,000,000 ",Financials,Diversified Financial Services
1137,NDAQ,Year 2,12/31/2013," $3,100,000,000 "," $1,316,000,000 "," $1,054,000,000 ", $-   ," $122,000,000 ",Financials,Diversified Financial Services
1138,NDAQ,Year 3,12/31/2014," $3,383,000,000 "," $1,433,000,000 "," $1,095,000,000 ", $-   ," $137,000,000 ",Financials,Diversified Financial Services
1139,NDAQ,Year 4,12/31/2015," $3,292,000,000 "," $1,313,000,000 "," $1,050,000,000 ", $-   ," $138,000,000 ",Financials,Diversified Financial Services
1140,NEE,Year 1,12/31/2012," $14,256,000,000 "," $8,276,000,000 "," $1,186,000,000 ", $-   ," $1,518,000,000 ",Utilities,MultiUtilities
1141,NEE,Year 2,12/31/2013," $15,136,000,000 "," $8,152,000,000 "," $1,280,000,000 ", $-   ," $2,163,000,000 ",Utilities,MultiUtilities
1142,NEE,Year 3,12/31/2014," $17,021,000,000 "," $8,751,000,000 "," $1,324,000,000 ", $-   ," $2,551,000,000 ",Utilities,MultiUtilities
1143,NEE,Year 4,12/31/2015," $17,486,000,000 "," $8,596,000,000 "," $1,399,000,000 ", $-   ," $2,831,000,000 ",Utilities,MultiUtilities
1144,NEM,Year 1,12/31/2012," $9,964,000,000 "," $4,334,000,000 "," $757,000,000 "," $704,000,000 "," $1,032,000,000 ",Materials,Gold
1145,NEM,Year 2,12/31/2013," $8,414,000,000 "," $5,299,000,000 "," $584,000,000 "," $469,000,000 "," $1,362,000,000 ",Materials,Gold
1146,NEM,Year 3,12/31/2014," $7,292,000,000 "," $4,457,000,000 "," $545,000,000 "," $325,000,000 "," $1,229,000,000 ",Materials,Gold
1147,NEM,Year 4,12/31/2015," $7,729,000,000 "," $4,312,000,000 "," $670,000,000 "," $289,000,000 "," $1,239,000,000 ",Materials,Gold
1148,NFLX,Year 1,12/31/2013," $4,374,562,000 "," $3,117,203,000 "," $650,243,000 "," $378,769,000 ", $-   ,Information Technology,Internet Software & Services
1149,NFLX,Year 2,12/31/2014," $5,504,656,000 "," $3,752,760,000 "," $876,927,000 "," $472,321,000 ", $-   ,Information Technology,Internet Software & Services
1150,NFLX,Year 3,12/31/2015," $6,779,511,000 "," $4,591,476,000 "," $1,231,421,000 "," $650,788,000 ", $-   ,Information Technology,Internet Software & Services
1151,NFLX,Year 4,12/31/2016," $8,830,669,000 "," $6,029,901,000 "," $1,568,877,000 "," $852,098,000 ", $-   ,Information Technology,Internet Software & Services
1152,NFX,Year 1,12/31/2012," $1,562,000,000 "," $413,000,000 "," $311,000,000 ", $-   ," $704,000,000 ",Energy,Oil & Gas Exploration & Production
1153,NFX,Year 2,12/31/2013," $1,857,000,000 "," $411,000,000 "," $311,000,000 ", $-   ," $685,000,000 ",Energy,Oil & Gas Exploration & Production
1154,NFX,Year 3,12/31/2014," $2,288,000,000 "," $485,000,000 "," $358,000,000 ", $-   ," $870,000,000 ",Energy,Oil & Gas Exploration & Production
1155,NFX,Year 4,12/31/2015," $1,557,000,000 "," $497,000,000 "," $5,204,000,000 ", $-   ," $917,000,000 ",Energy,Oil & Gas Exploration & Production
1156,NKE,Year 1,5/31/2013," $25,313,000,000 "," $14,279,000,000 "," $7,796,000,000 ", $-   , $-   ,Consumer Discretionary,"Apparel, Accessories & Luxury Goods"
1157,NKE,Year 2,5/31/2014," $27,799,000,000 "," $15,353,000,000 "," $8,766,000,000 ", $-   , $-   ,Consumer Discretionary,"Apparel, Accessories & Luxury Goods"
1158,NKE,Year 3,5/31/2015," $30,601,000,000 "," $16,534,000,000 "," $9,892,000,000 ", $-   , $-   ,Consumer Discretionary,"Apparel, Accessories & Luxury Goods"
1159,NKE,Year 4,5/31/2016," $32,376,000,000 "," $17,405,000,000 "," $10,469,000,000 ", $-   , $-   ,Consumer Discretionary,"Apparel, Accessories & Luxury Goods"
1160,NLSN,Year 1,12/31/2013," $5,703,000,000 "," $2,398,000,000 "," $1,815,000,000 ", $-   ," $510,000,000 ",Industrials,Research & Consulting Services
1161,NLSN,Year 2,12/31/2014," $6,288,000,000 "," $2,620,000,000 "," $1,917,000,000 ", $-   ," $573,000,000 ",Industrials,Research & Consulting Services
1162,NLSN,Year 3,12/31/2015," $6,172,000,000 "," $2,539,000,000 "," $1,915,000,000 ", $-   ," $574,000,000 ",Industrials,Research & Consulting Services
1163,NLSN,Year 4,12/31/2016," $6,309,000,000 "," $2,607,000,000 "," $1,851,000,000 ", $-   ," $603,000,000 ",Industrials,Research & Consulting Services
1164,NOV,Year 1,12/31/2012," $17,194,000,000 "," $12,151,000,000 "," $1,654,000,000 ", $-   , $-   ,Energy,Oil & Gas Equipment & Services
1165,NOV,Year 2,12/31/2013," $19,221,000,000 "," $14,117,000,000 "," $1,905,000,000 ", $-   , $-   ,Energy,Oil & Gas Equipment & Services
1166,NOV,Year 3,12/31/2014," $21,440,000,000 "," $15,631,000,000 "," $2,092,000,000 ", $-   , $-   ,Energy,Oil & Gas Equipment & Services
1167,NOV,Year 4,12/31/2015," $14,757,000,000 "," $11,694,000,000 "," $1,764,000,000 ", $-   , $-   ,Energy,Oil & Gas Equipment & Services
1168,NSC,Year 1,12/31/2013," $11,245,000,000 "," $4,070,000,000 "," $3,002,000,000 ", $-   ," $916,000,000 ",Industrials,Railroads
1169,NSC,Year 2,12/31/2014," $11,624,000,000 "," $4,201,000,000 "," $2,897,000,000 ", $-   ," $951,000,000 ",Industrials,Railroads
1170,NSC,Year 3,12/31/2015," $10,511,000,000 "," $3,662,000,000 "," $2,911,000,000 ", $-   ," $1,054,000,000 ",Industrials,Railroads
1171,NSC,Year 4,12/31/2016," $9,888,000,000 "," $3,045,000,000 "," $2,743,000,000 ", $-   ," $1,026,000,000 ",Industrials,Railroads
1172,NTAP,Year 1,4/26/2013," $6,332,400,000 "," $2,571,300,000 "," $2,247,400,000 "," $904,200,000 ", $-   ,Information Technology,Internet Software & Services
1173,NTAP,Year 2,4/25/2014," $6,325,000,000 "," $2,406,000,000 "," $2,179,000,000 "," $918,000,000 ", $-   ,Information Technology,Internet Software & Services
1174,NTAP,Year 3,4/24/2015," $6,123,000,000 "," $2,290,000,000 "," $2,197,000,000 "," $920,000,000 ", $-   ,Information Technology,Internet Software & Services
1175,NTAP,Year 4,4/29/2016," $5,546,000,000 "," $2,173,000,000 "," $2,099,000,000 "," $861,000,000 ", $-   ,Information Technology,Internet Software & Services
1180,NUE,Year 1,12/31/2012," $19,429,273,000 "," $17,915,735,000 "," $454,900,000 ", $-   , $-   ,Materials,Steel
1181,NUE,Year 2,12/31/2013," $19,052,046,000 "," $17,641,421,000 "," $467,904,000 ", $-   , $-   ,Materials,Steel
1182,NUE,Year 3,12/31/2014," $21,105,141,000 "," $19,198,615,000 "," $520,805,000 ", $-   , $-   ,Materials,Steel
1183,NUE,Year 4,12/31/2015," $16,439,276,000 "," $14,858,014,000 "," $458,989,000 ", $-   , $-   ,Materials,Steel
1184,NVDA,Year 1,1/27/2013," $4,280,159,000 "," $2,053,816,000 "," $430,822,000 "," $1,147,282,000 ", $-   ,Information Technology,Semiconductors
1185,NVDA,Year 2,1/26/2014," $4,130,000,000 "," $1,862,000,000 "," $436,000,000 "," $1,336,000,000 ", $-   ,Information Technology,Semiconductors
1186,NVDA,Year 3,1/25/2015," $4,682,000,000 "," $2,083,000,000 "," $480,000,000 "," $1,360,000,000 ", $-   ,Information Technology,Semiconductors
1187,NVDA,Year 4,1/31/2016," $5,010,000,000 "," $2,199,000,000 "," $602,000,000 "," $1,331,000,000 ", $-   ,Information Technology,Semiconductors
1188,NWL,Year 1,12/31/2012," $5,508,500,000 "," $3,414,400,000 "," $1,403,500,000 ", $-   , $-   ,Consumer Discretionary,Housewares & Specialties
1189,NWL,Year 2,12/31/2013," $5,607,000,000 "," $3,482,100,000 "," $1,399,500,000 ", $-   , $-   ,Consumer Discretionary,Housewares & Specialties
1190,NWL,Year 3,12/31/2014," $5,727,000,000 "," $3,523,600,000 "," $1,545,900,000 ", $-   , $-   ,Consumer Discretionary,Housewares & Specialties
1191,NWL,Year 4,12/31/2015," $5,915,700,000 "," $3,611,100,000 "," $1,626,000,000 ", $-   , $-   ,Consumer Discretionary,Housewares & Specialties
1200,O,Year 1,12/31/2012," $484,581,000 "," $21,306,000 "," $38,123,000 ", $-   ," $147,515,000 ",Real Estate,Retail REITs
1201,O,Year 2,12/31/2013," $780,209,000 "," $38,851,000 "," $56,881,000 ", $-   ," $306,769,000 ",Real Estate,Retail REITs
1202,O,Year 3,12/31/2014," $933,505,000 "," $53,871,000 "," $51,085,000 ", $-   ," $374,661,000 ",Real Estate,Retail REITs
1203,O,Year 4,12/31/2015," $1,023,285,000 "," $55,352,000 "," $49,298,000 ", $-   ," $409,215,000 ",Real Estate,Retail REITs
1204,OKE,Year 1,12/31/2012," $10,184,121,000 "," $8,540,319,000 "," $491,725,000 ", $-   ," $205,334,000 ",Energy,Oil & Gas Exploration & Production
1205,OKE,Year 2,12/31/2013," $11,871,879,000 "," $10,222,213,000 "," $541,586,000 ", $-   ," $239,343,000 ",Energy,Oil & Gas Exploration & Production
1206,OKE,Year 3,12/31/2014," $12,195,091,000 "," $10,088,548,000 "," $674,887,000 ", $-   ," $294,684,000 ",Energy,Oil & Gas Exploration & Production
1207,OKE,Year 4,12/31/2015," $7,763,206,000 "," $5,641,052,000 "," $693,331,000 ", $-   ," $354,620,000 ",Energy,Oil & Gas Exploration & Production
1209,OMC,Year 1,12/31/2014," $15,317,800,000 "," $12,602,100,000 "," $477,200,000 ", $-   ," $294,400,000 ",Consumer Discretionary,Advertising
1210,OMC,Year 2,12/31/2015," $15,134,400,000 "," $12,491,400,000 "," $431,800,000 ", $-   ," $291,100,000 ",Consumer Discretionary,Advertising
1211,OMC,Year 3,12/31/2016," $15,416,900,000 "," $12,671,200,000 "," $443,900,000 ", $-   ," $292,900,000 ",Consumer Discretionary,Advertising
1212,ORLY,Year 1,12/31/2012," $6,182,184,000 "," $3,084,766,000 "," $2,120,025,000 ", $-   , $-   ,Consumer Discretionary,Specialty Stores
1213,ORLY,Year 2,12/31/2013," $6,649,237,000 "," $3,280,236,000 "," $2,265,516,000 ", $-   , $-   ,Consumer Discretionary,Specialty Stores
1214,ORLY,Year 3,12/31/2014," $7,216,081,000 "," $3,507,180,000 "," $2,438,527,000 ", $-   , $-   ,Consumer Discretionary,Specialty Stores
1215,ORLY,Year 4,12/31/2015," $7,966,674,000 "," $3,804,031,000 "," $2,648,622,000 ", $-   , $-   ,Consumer Discretionary,Specialty Stores
1216,OXY,Year 1,12/31/2012," $20,100,000,000 "," $6,530,000,000 "," $1,879,000,000 ", $-   ," $3,585,000,000 ",Energy,Oil & Gas Exploration & Production
1217,OXY,Year 2,12/31/2013," $20,170,000,000 "," $6,497,000,000 "," $2,108,000,000 ", $-   ," $4,203,000,000 ",Energy,Oil & Gas Exploration & Production
1218,OXY,Year 3,12/31/2014," $19,312,000,000 "," $6,803,000,000 "," $2,053,000,000 ", $-   ," $4,261,000,000 ",Energy,Oil & Gas Exploration & Production
1219,OXY,Year 4,12/31/2015," $12,480,000,000 "," $5,804,000,000 "," $1,613,000,000 ", $-   ," $4,544,000,000 ",Energy,Oil & Gas Exploration & Production
1224,PBCT,Year 1,12/31/2012," $1,355,300,000 "," $90,800,000 "," $803,800,000 ", $-   ," $76,000,000 ",Financials,Thrifts & Mortgage Finance
1225,PBCT,Year 2,12/31/2013," $1,346,100,000 "," $81,100,000 "," $812,800,000 ", $-   ," $69,900,000 ",Financials,Thrifts & Mortgage Finance
1226,PBCT,Year 3,12/31/2014," $1,381,400,000 "," $80,900,000 "," $816,700,000 ", $-   ," $65,400,000 ",Financials,Thrifts & Mortgage Finance
1227,PBCT,Year 4,12/31/2015," $1,421,300,000 "," $95,500,000 "," $836,700,000 ", $-   ," $57,300,000 ",Financials,Thrifts & Mortgage Finance
1228,PBI,Year 1,12/31/2012," $3,823,713,000 "," $1,582,398,000 "," $1,489,735,000 "," $114,250,000 ", $-   ,Industrials,"Technology, Hardware, Software and Supplies"
1229,PBI,Year 2,12/31/2013," $3,791,335,000 "," $1,650,622,000 "," $1,420,096,000 "," $110,412,000 ", $-   ,Industrials,"Technology, Hardware, Software and Supplies"
1230,PBI,Year 3,12/31/2014," $3,821,504,000 "," $1,680,791,000 "," $1,378,400,000 "," $109,931,000 ", $-   ,Industrials,"Technology, Hardware, Software and Supplies"
1231,PBI,Year 4,12/31/2015," $3,578,060,000 "," $1,558,591,000 "," $1,279,961,000 "," $110,156,000 ", $-   ,Industrials,"Technology, Hardware, Software and Supplies"
1232,PCAR,Year 1,12/31/2012," $16,596,800,000 "," $13,908,300,000 "," $571,600,000 "," $279,300,000 "," $517,400,000 ",Industrials,Construction & Farm Machinery & Heavy Trucks
1233,PCAR,Year 2,12/31/2013," $16,661,000,000 "," $13,900,700,000 "," $559,500,000 "," $251,400,000 "," $571,700,000 ",Industrials,Construction & Farm Machinery & Heavy Trucks
1234,PCAR,Year 3,12/31/2014," $18,534,400,000 "," $15,481,600,000 "," $561,400,000 "," $215,600,000 "," $588,500,000 ",Industrials,Construction & Farm Machinery & Heavy Trucks
1235,PCAR,Year 4,12/31/2015," $18,671,300,000 "," $15,292,100,000 "," $541,500,000 "," $239,800,000 "," $583,700,000 ",Industrials,Construction & Farm Machinery & Heavy Trucks
1236,PCG,Year 1,12/31/2013," $15,598,000,000 "," $11,759,000,000 ", $-   , $-   ," $2,077,000,000 ",Utilities,MultiUtilities
1237,PCG,Year 2,12/31/2014," $17,090,000,000 "," $12,207,000,000 ", $-   , $-   ," $2,433,000,000 ",Utilities,MultiUtilities
1238,PCG,Year 3,12/31/2015," $16,833,000,000 "," $12,713,000,000 ", $-   , $-   ," $2,612,000,000 ",Utilities,MultiUtilities
1239,PCG,Year 4,12/31/2016," $17,666,000,000 "," $12,734,000,000 ", $-   , $-   ," $2,755,000,000 ",Utilities,MultiUtilities
1240,PCLN,Year 1,12/31/2012," $5,260,956,000 "," $1,177,275,000 "," $2,188,747,000 ", $-   ," $65,141,000 ",Consumer Discretionary,Internet & Direct Marketing Retail
1241,PCLN,Year 2,12/31/2013," $6,793,306,000 "," $1,077,420,000 "," $3,185,497,000 ", $-   ," $117,975,000 ",Consumer Discretionary,Internet & Direct Marketing Retail
1242,PCLN,Year 3,12/31/2014," $8,441,971,000 "," $857,841,000 "," $4,302,998,000 ", $-   ," $207,820,000 ",Consumer Discretionary,Internet & Direct Marketing Retail
1243,PCLN,Year 4,12/31/2015," $9,223,987,000 "," $632,180,000 "," $5,060,406,000 ", $-   ," $272,494,000 ",Consumer Discretionary,Internet & Direct Marketing Retail
1244,PDCO,Year 1,4/27/2013," $3,637,212,000 "," $2,446,443,000 ", $-   , $-   , $-   ,Health Care,Health Care Supplies
1245,PDCO,Year 2,4/26/2014," $3,585,141,000 "," $2,566,444,000 ", $-   , $-   , $-   ,Health Care,Health Care Supplies
1246,PDCO,Year 3,4/25/2015," $3,910,865,000 "," $2,850,316,000 ", $-   , $-   , $-   ,Health Care,Health Care Supplies
1247,PDCO,Year 4,4/30/2016," $5,386,703,000 "," $4,063,955,000 ", $-   , $-   , $-   ,Health Care,Health Care Supplies
1248,PEG,Year 1,12/31/2012," $9,781,000,000 "," $6,351,000,000 "," $98,000,000 ", $-   ," $1,054,000,000 ",Utilities,Electric Utilities
1249,PEG,Year 2,12/31/2013," $9,968,000,000 "," $6,423,000,000 "," $68,000,000 ", $-   ," $1,178,000,000 ",Utilities,Electric Utilities
1250,PEG,Year 3,12/31/2014," $10,886,000,000 "," $7,036,000,000 ", $-   , $-   ," $1,227,000,000 ",Utilities,Electric Utilities
1251,PEG,Year 4,12/31/2015," $10,415,000,000 "," $6,239,000,000 ", $-   , $-   ," $1,214,000,000 ",Utilities,Electric Utilities
1252,PEP,Year 1,12/28/2013," $66,415,000,000 "," $31,243,000,000 "," $25,357,000,000 ", $-   ," $110,000,000 ",Consumer Staples,Soft Drinks
1253,PEP,Year 2,12/27/2014," $66,683,000,000 "," $31,238,000,000 "," $25,772,000,000 ", $-   ," $92,000,000 ",Consumer Staples,Soft Drinks
1254,PEP,Year 3,12/26/2015," $63,056,000,000 "," $28,731,000,000 "," $24,538,000,000 ", $-   ," $75,000,000 ",Consumer Staples,Soft Drinks
1255,PEP,Year 4,12/31/2016," $62,799,000,000 "," $28,209,000,000 "," $24,735,000,000 ", $-   ," $70,000,000 ",Consumer Staples,Soft Drinks
1256,PFE,Year 1,12/31/2012," $54,657,000,000 "," $9,821,000,000 "," $15,171,000,000 "," $7,482,000,000 "," $5,109,000,000 ",Health Care,Pharmaceuticals
1257,PFE,Year 2,12/31/2013," $51,584,000,000 "," $9,586,000,000 "," $14,355,000,000 "," $6,678,000,000 "," $4,599,000,000 ",Health Care,Pharmaceuticals
1258,PFE,Year 3,12/31/2014," $49,605,000,000 "," $9,577,000,000 "," $14,097,000,000 "," $8,393,000,000 "," $4,039,000,000 ",Health Care,Pharmaceuticals
1259,PFE,Year 4,12/31/2015," $48,851,000,000 "," $9,648,000,000 "," $14,809,000,000 "," $7,690,000,000 "," $3,728,000,000 ",Health Care,Pharmaceuticals
1260,PFG,Year 1,12/31/2013," $9,289,500,000 "," $4,683,600,000 "," $189,000,000 ", $-   ," $3,292,900,000 ",Financials,Diversified Financial Services
1261,PFG,Year 2,12/31/2014," $10,477,600,000 "," $5,231,000,000 "," $177,400,000 ", $-   ," $3,574,300,000 ",Financials,Diversified Financial Services
1262,PFG,Year 3,12/31/2015," $11,964,400,000 "," $6,697,700,000 "," $163,500,000 ", $-   ," $3,672,400,000 ",Financials,Diversified Financial Services
1263,PFG,Year 4,12/31/2016," $12,394,100,000 "," $6,913,200,000 "," $156,600,000 ", $-   ," $3,732,600,000 ",Financials,Diversified Financial Services
1264,PG,Year 1,12/31/2013," $2,104,745,000 "," $155,355,000 "," $346,393,000 "," $859,947,000 ", $-   ,Consumer Staples,Personal Products
1265,PG,Year 2,12/31/2014," $2,819,557,000 "," $205,018,000 "," $519,267,000 "," $1,271,353,000 ", $-   ,Consumer Staples,Personal Products
1266,PG,Year 3,12/31/2015," $4,103,728,000 "," $392,709,000 "," $838,526,000 "," $1,620,577,000 ", $-   ,Consumer Staples,Personal Products
1267,PG,Year 4,12/31/2016," $4,860,427,000 "," $299,694,000 "," $1,177,697,000 "," $2,052,295,000 ", $-   ,Consumer Staples,Personal Products
1268,PGR,Year 1,12/31/2012," $17,083,900,000 "," $15,590,900,000 "," $15,400,000 ", $-   ," $36,100,000 ",Financials,Property & Casualty Insurance
1269,PGR,Year 2,12/31/2013," $18,170,900,000 "," $16,275,100,000 "," $18,800,000 ", $-   ," $38,800,000 ",Financials,Property & Casualty Insurance
1270,PGR,Year 3,12/31/2014," $19,391,400,000 "," $17,297,300,000 "," $18,900,000 ", $-   ," $50,900,000 ",Financials,Property & Casualty Insurance
1271,PGR,Year 4,12/31/2015," $20,853,800,000 "," $18,705,900,000 "," $22,800,000 ", $-   ," $77,500,000 ",Financials,Property & Casualty Insurance
1272,PH,Year 1,6/30/2013," $13,015,704,000 "," $10,086,675,000 "," $1,554,973,000 ", $-   , $-   ,Industrials,Industrial Conglomerates
1273,PH,Year 2,6/30/2014," $13,215,971,000 "," $10,188,227,000 "," $1,633,992,000 ", $-   , $-   ,Industrials,Industrial Conglomerates
1274,PH,Year 3,6/30/2015," $12,711,744,000 "," $9,655,245,000 "," $1,544,746,000 ", $-   , $-   ,Industrials,Industrial Conglomerates
1275,PH,Year 4,6/30/2016," $11,360,753,000 "," $8,823,384,000 "," $1,359,360,000 ", $-   , $-   ,Industrials,Industrial Conglomerates
1276,PHM,Year 1,12/31/2013," $5,679,595,000 "," $4,507,196,000 "," $568,500,000 ", $-   , $-   ,Consumer Discretionary,Homebuilding
1277,PHM,Year 2,12/31/2014," $5,822,363,000 "," $4,244,479,000 "," $861,390,000 ", $-   , $-   ,Consumer Discretionary,Homebuilding
1278,PHM,Year 3,12/31/2015," $5,981,964,000 "," $4,353,850,000 "," $794,728,000 ", $-   , $-   ,Consumer Discretionary,Homebuilding
1279,PHM,Year 4,12/31/2016," $7,668,476,000 "," $5,728,662,000 "," $957,150,000 ", $-   , $-   ,Consumer Discretionary,Homebuilding
1280,PKI,Year 1,12/30/2012," $2,105,188,000 "," $1,143,659,000 "," $627,370,000 "," $131,835,000 ", $-   ,Health Care,Health Care Equipment
1281,PKI,Year 2,12/29/2013," $2,157,586,000 "," $1,181,444,000 "," $581,898,000 "," $132,400,000 ", $-   ,Health Care,Health Care Equipment
1282,PKI,Year 3,12/28/2014," $2,237,219,000 "," $1,232,611,000 "," $659,335,000 "," $121,141,000 ", $-   ,Health Care,Health Care Equipment
1283,PKI,Year 4,1/3/2016," $2,262,359,000 "," $1,237,859,000 "," $598,848,000 "," $125,928,000 ", $-   ,Health Care,Health Care Equipment
1284,PM,Year 1,12/31/2013," $80,029,000,000 "," $59,222,000,000 "," $6,890,000,000 ", $-   ," $93,000,000 ",Consumer Staples,Tobacco
1285,PM,Year 2,12/31/2014," $80,106,000,000 "," $60,775,000,000 "," $7,001,000,000 ", $-   ," $93,000,000 ",Consumer Staples,Tobacco
1286,PM,Year 3,12/31/2015," $73,908,000,000 "," $56,479,000,000 "," $6,656,000,000 ", $-   ," $82,000,000 ",Consumer Staples,Tobacco
1287,PM,Year 4,12/31/2016," $74,953,000,000 "," $57,659,000,000 "," $6,405,000,000 ", $-   ," $74,000,000 ",Consumer Staples,Tobacco
1288,PNC,Year 1,12/31/2012," $16,606,000,000 "," $386,000,000 "," $10,486,000,000 ", $-   ," $987,000,000 ",Financials,Banks
1289,PNC,Year 2,12/31/2013," $16,872,000,000 "," $344,000,000 "," $9,681,000,000 ", $-   ," $643,000,000 ",Financials,Banks
1290,PNC,Year 3,12/31/2014," $16,281,000,000 "," $325,000,000 "," $9,488,000,000 ", $-   ," $273,000,000 ",Financials,Banks
1291,PNC,Year 4,12/31/2015," $16,270,000,000 "," $403,000,000 "," $9,463,000,000 ", $-   ," $255,000,000 ",Financials,Banks
1292,PNR,Year 1,12/31/2012," $4,306,800,000 "," $3,040,900,000 "," $1,117,700,000 "," $92,300,000 ", $-   ,Industrials,Industrial Machinery
1293,PNR,Year 2,12/31/2013," $6,999,700,000 "," $4,629,600,000 "," $1,493,700,000 "," $122,800,000 ", $-   ,Industrials,Industrial Machinery
1294,PNR,Year 3,12/31/2014," $7,039,000,000 "," $4,576,000,000 "," $1,493,800,000 "," $117,300,000 ", $-   ,Industrials,Industrial Machinery
1295,PNR,Year 4,12/31/2015," $6,449,000,000 "," $4,263,200,000 "," $1,334,300,000 "," $119,600,000 ", $-   ,Industrials,Industrial Machinery
1296,PNW,Year 1,12/31/2012," $3,301,804,000 "," $1,879,559,000 "," $166,154,000 ", $-   ," $404,336,000 ",Utilities,MultiUtilities
1297,PNW,Year 2,12/31/2013," $3,454,628,000 "," $2,020,436,000 "," $172,161,000 ", $-   ," $415,708,000 ",Utilities,MultiUtilities
1298,PNW,Year 3,12/31/2014," $3,491,632,000 "," $2,087,854,000 "," $175,178,000 ", $-   ," $417,358,000 ",Utilities,MultiUtilities
1299,PNW,Year 4,12/31/2015," $3,495,443,000 "," $1,969,675,000 "," $176,744,000 ", $-   ," $494,422,000 ",Utilities,MultiUtilities
1300,PPG,Year 1,12/31/2013," $14,265,000,000 "," $8,314,000,000 "," $3,486,000,000 "," $463,000,000 "," $452,000,000 ",Materials,Diversified Chemicals
1301,PPG,Year 2,12/31/2014," $14,791,000,000 "," $8,348,000,000 "," $4,013,000,000 "," $483,000,000 "," $450,000,000 ",Materials,Diversified Chemicals
1302,PPG,Year 3,12/31/2015," $14,766,000,000 "," $8,206,000,000 "," $3,624,000,000 "," $476,000,000 "," $471,000,000 ",Materials,Diversified Chemicals
1303,PPG,Year 4,12/31/2016," $14,751,000,000 "," $8,063,000,000 "," $4,630,000,000 "," $466,000,000 "," $462,000,000 ",Materials,Diversified Chemicals
1304,PPL,Year 1,12/31/2012," $12,132,000,000 "," $4,876,000,000 "," $3,143,000,000 ", $-   ," $1,087,000,000 ",Utilities,Electric Utilities
1305,PPL,Year 2,12/31/2013," $7,263,000,000 "," $1,751,000,000 "," $2,108,000,000 ", $-   ," $843,000,000 ",Utilities,Electric Utilities
1306,PPL,Year 3,12/31/2014," $7,852,000,000 "," $1,889,000,000 "," $2,173,000,000 ", $-   ," $923,000,000 ",Utilities,Electric Utilities
1307,PPL,Year 4,12/31/2015," $7,669,000,000 "," $1,718,000,000 "," $2,237,000,000 ", $-   ," $883,000,000 ",Utilities,Electric Utilities
1308,PRU,Year 1,12/31/2012," $84,847,000,000 "," $66,635,000,000 "," $17,504,000,000 ", $-   , $-   ,Financials,Diversified Financial Services
1309,PRU,Year 2,12/31/2013," $41,461,000,000 "," $26,973,000,000 "," $16,172,000,000 ", $-   , $-   ,Financials,Diversified Financial Services
1310,PRU,Year 3,12/31/2014," $54,105,000,000 "," $33,560,000,000 "," $18,786,000,000 ", $-   , $-   ,Financials,Diversified Financial Services
1311,PRU,Year 4,12/31/2015," $57,119,000,000 "," $32,747,000,000 "," $16,603,000,000 ", $-   , $-   ,Financials,Diversified Financial Services
1312,PSX,Year 1,12/31/2012," $179,290,000,000 "," $158,446,000,000 "," $15,443,000,000 ", $-   ," $931,000,000 ",Energy,Oil & Gas Refining & Marketing & Transportation
1313,PSX,Year 2,12/31/2013," $171,596,000,000 "," $152,451,000,000 "," $15,597,000,000 ", $-   ," $971,000,000 ",Energy,Oil & Gas Refining & Marketing & Transportation
1314,PSX,Year 3,12/31/2014," $161,212,000,000 "," $140,183,000,000 "," $16,703,000,000 ", $-   ," $1,019,000,000 ",Energy,Oil & Gas Refining & Marketing & Transportation
1315,PSX,Year 4,12/31/2015," $98,975,000,000 "," $77,693,000,000 "," $15,747,000,000 ", $-   ," $1,099,000,000 ",Energy,Oil & Gas Refining & Marketing & Transportation
1316,PVH,Year 1,2/3/2013," $6,043,000,000 "," $2,793,800,000 "," $2,594,300,000 ", $-   , $-   ,Consumer Discretionary,"Apparel, Accessories & Luxury Goods"
1317,PVH,Year 2,2/2/2014," $8,186,400,000 "," $3,967,100,000 "," $3,673,500,000 ", $-   , $-   ,Consumer Discretionary,"Apparel, Accessories & Luxury Goods"
1318,PVH,Year 3,2/1/2015," $8,241,200,000 "," $3,914,500,000 "," $3,713,600,000 ", $-   , $-   ,Consumer Discretionary,"Apparel, Accessories & Luxury Goods"
1319,PVH,Year 4,1/31/2016," $8,020,300,000 "," $3,858,700,000 "," $3,417,700,000 ", $-   , $-   ,Consumer Discretionary,"Apparel, Accessories & Luxury Goods"
1320,PWR,Year 1,12/31/2012," $5,920,269,000 "," $4,982,562,000 "," $434,894,000 ", $-   ," $37,691,000 ",Industrials,Industrial Conglomerates
1321,PWR,Year 2,12/31/2013," $6,411,577,000 "," $5,424,644,000 "," $485,069,000 ", $-   ," $25,865,000 ",Industrials,Industrial Conglomerates
1322,PWR,Year 3,12/31/2014," $7,747,229,000 "," $6,578,435,000 "," $705,477,000 ", $-   ," $34,257,000 ",Industrials,Industrial Conglomerates
1323,PWR,Year 4,12/31/2015," $7,572,436,000 "," $6,648,771,000 "," $592,863,000 ", $-   ," $34,848,000 ",Industrials,Industrial Conglomerates
1324,PX,Year 1,12/31/2012," $11,224,000,000 "," $6,396,000,000 "," $1,227,000,000 "," $98,000,000 "," $1,001,000,000 ",Materials,Industrial Gases
1325,PX,Year 2,12/31/2013," $11,925,000,000 "," $6,744,000,000 "," $1,349,000,000 "," $98,000,000 "," $1,109,000,000 ",Materials,Industrial Gases
1326,PX,Year 3,12/31/2014," $12,273,000,000 "," $6,962,000,000 "," $1,437,000,000 "," $96,000,000 "," $1,170,000,000 ",Materials,Industrial Gases
1327,PX,Year 4,12/31/2015," $10,776,000,000 "," $5,960,000,000 "," $1,296,000,000 "," $93,000,000 "," $1,106,000,000 ",Materials,Industrial Gases
1331,QCOM,Year 1,9/29/2013," $24,866,000,000 "," $9,820,000,000 "," $2,849,000,000 "," $4,967,000,000 ", $-   ,Information Technology,Semiconductors
1332,QCOM,Year 2,9/28/2014," $26,487,000,000 "," $10,686,000,000 "," $2,774,000,000 "," $5,477,000,000 ", $-   ,Information Technology,Semiconductors
1333,QCOM,Year 3,9/27/2015," $25,281,000,000 "," $10,378,000,000 "," $3,637,000,000 "," $5,490,000,000 ", $-   ,Information Technology,Semiconductors
1334,QCOM,Year 4,9/25/2016," $23,554,000,000 "," $9,749,000,000 "," $2,159,000,000 "," $5,151,000,000 ", $-   ,Information Technology,Semiconductors
1335,QRVO,Year 1,3/29/2014," $1,148,231,000 "," $743,304,000 "," $180,317,000 "," $197,269,000 ", $-   ,Information Technology,Semiconductors
1336,QRVO,Year 2,3/28/2015," $1,710,966,000 "," $1,021,658,000 "," $309,348,000 "," $257,494,000 ", $-   ,Information Technology,Semiconductors
1337,QRVO,Year 3,4/2/2016," $2,610,726,000 "," $1,561,173,000 "," $588,822,000 "," $448,763,000 ", $-   ,Information Technology,Semiconductors
1338,R,Year 1,12/31/2013," $6,419,285,000 "," $5,099,484,000 "," $922,340,000 ", $-   , $-   ,Industrials,Industrial Conglomerates
1339,R,Year 2,12/31/2014," $6,638,774,000 "," $5,253,040,000 "," $1,030,014,000 ", $-   , $-   ,Industrials,Industrial Conglomerates
1340,R,Year 3,12/31/2015," $6,571,893,000 "," $5,086,449,000 "," $961,579,000 ", $-   , $-   ,Industrials,Industrial Conglomerates
1341,R,Year 4,12/31/2016," $6,786,984,000 "," $5,285,568,000 "," $956,158,000 ", $-   , $-   ,Industrials,Industrial Conglomerates
1342,RCL,Year 1,12/31/2012," $7,688,024,000 "," $5,157,434,000 "," $1,011,543,000 ", $-   ," $730,493,000 ",Consumer Discretionary,"Hotels, Resorts & Cruise Lines"
1343,RCL,Year 2,12/31/2013," $7,959,894,000 "," $5,305,270,000 "," $1,044,819,000 ", $-   ," $754,711,000 ",Consumer Discretionary,"Hotels, Resorts & Cruise Lines"
1344,RCL,Year 3,12/31/2014," $8,073,855,000 "," $5,306,281,000 "," $1,048,952,000 ", $-   ," $772,445,000 ",Consumer Discretionary,"Hotels, Resorts & Cruise Lines"
1345,RCL,Year 4,12/31/2015," $8,299,074,000 "," $5,099,393,000 "," $1,086,504,000 ", $-   ," $827,008,000 ",Consumer Discretionary,"Hotels, Resorts & Cruise Lines"
1346,REGN,Year 1,12/31/2013," $2,104,745,000 "," $155,355,000 "," $346,393,000 "," $859,947,000 ", $-   ,Health Care,Biotechnology
1347,REGN,Year 2,12/31/2014," $2,819,557,000 "," $205,018,000 "," $519,267,000 "," $1,271,353,000 ", $-   ,Health Care,Biotechnology
1348,REGN,Year 3,12/31/2015," $4,103,728,000 "," $392,709,000 "," $838,526,000 "," $1,620,577,000 ", $-   ,Health Care,Biotechnology
1349,REGN,Year 4,12/31/2016," $4,860,427,000 "," $299,694,000 "," $1,177,697,000 "," $2,052,295,000 ", $-   ,Health Care,Biotechnology
1350,RHI,Year 1,12/31/2013," $4,245,895,000 "," $2,522,803,000 "," $1,324,815,000 ", $-   ," $1,700,000 ",Industrials,Human Resource & Employment Services
1351,RHI,Year 2,12/31/2014," $4,695,014,000 "," $2,772,098,000 "," $1,425,734,000 ", $-   ," $557,000 ",Industrials,Human Resource & Employment Services
1352,RHI,Year 3,12/31/2015," $5,094,933,000 "," $2,980,462,000 "," $1,533,799,000 ", $-   ," $192,000 ",Industrials,Human Resource & Employment Services
1353,RHI,Year 4,12/31/2016," $5,250,399,000 "," $3,089,723,000 "," $1,606,217,000 ", $-   ," $1,237,000 ",Industrials,Human Resource & Employment Services
1354,RHT,Year 1,2/28/2013," $1,328,817,000 "," $200,600,000 "," $660,887,000 "," $263,150,000 ", $-   ,Information Technology,Systems Software
1355,RHT,Year 2,2/28/2014," $1,534,615,000 "," $232,600,000 "," $750,292,000 "," $317,263,000 ", $-   ,Information Technology,Systems Software
1356,RHT,Year 3,2/28/2015," $1,789,489,000 "," $273,199,000 "," $898,440,000 "," $367,856,000 ", $-   ,Information Technology,Systems Software
1357,RHT,Year 4,2/29/2016," $2,052,230,000 "," $309,629,000 "," $1,041,231,000 "," $413,322,000 ", $-   ,Information Technology,Systems Software
1358,RL,Year 1,3/30/2013," $6,945,000,000 "," $2,789,000,000 "," $2,971,000,000 ", $-   ," $27,000,000 ",Consumer Discretionary,"Apparel, Accessories & Luxury Goods"
1359,RL,Year 2,3/29/2014," $7,450,000,000 "," $3,140,000,000 "," $3,142,000,000 ", $-   ," $35,000,000 ",Consumer Discretionary,"Apparel, Accessories & Luxury Goods"
1360,RL,Year 3,3/28/2015," $7,620,000,000 "," $3,242,000,000 "," $3,301,000,000 ", $-   ," $25,000,000 ",Consumer Discretionary,"Apparel, Accessories & Luxury Goods"
1361,RL,Year 4,4/2/2016," $7,405,000,000 "," $3,218,000,000 "," $3,389,000,000 ", $-   ," $24,000,000 ",Consumer Discretionary,"Apparel, Accessories & Luxury Goods"
1362,ROK,Year 1,9/30/2013," $6,351,900,000 "," $3,778,100,000 "," $1,537,700,000 ", $-   , $-   ,Industrials,Industrial Conglomerates
1363,ROK,Year 2,9/30/2014," $6,623,500,000 "," $3,869,600,000 "," $1,570,100,000 ", $-   , $-   ,Industrials,Industrial Conglomerates
1364,ROK,Year 3,9/30/2015," $6,307,900,000 "," $3,604,800,000 "," $1,506,400,000 ", $-   , $-   ,Industrials,Industrial Conglomerates
1365,ROK,Year 4,9/30/2016," $5,879,500,000 "," $3,404,000,000 "," $1,467,400,000 ", $-   , $-   ,Industrials,Industrial Conglomerates
1366,ROP,Year 1,12/31/2012," $2,993,489,000 "," $1,321,772,000 "," $914,130,000 ", $-   , $-   ,Industrials,Industrial Conglomerates
1367,ROP,Year 2,12/31/2013," $3,238,128,000 "," $1,355,200,000 "," $1,040,567,000 ", $-   , $-   ,Industrials,Industrial Conglomerates
1368,ROP,Year 3,12/31/2014," $3,549,494,000 "," $1,447,595,000 "," $1,102,426,000 ", $-   , $-   ,Industrials,Industrial Conglomerates
1369,ROP,Year 4,12/31/2015," $3,582,395,000 "," $1,417,749,000 "," $1,136,728,000 ", $-   , $-   ,Industrials,Industrial Conglomerates
1370,ROST,Year 1,2/2/2013," $9,721,065,000 "," $7,011,428,000 "," $1,437,886,000 ", $-   , $-   ,Consumer Discretionary,Apparel Retail
1371,ROST,Year 2,2/1/2014," $10,230,353,000 "," $7,360,924,000 "," $1,526,366,000 ", $-   , $-   ,Consumer Discretionary,Apparel Retail
1372,ROST,Year 3,1/31/2015," $11,041,677,000 "," $7,937,956,000 "," $1,615,371,000 ", $-   , $-   ,Consumer Discretionary,Apparel Retail
1373,ROST,Year 4,1/30/2016," $11,939,999,000 "," $8,576,873,000 "," $1,738,755,000 ", $-   , $-   ,Consumer Discretionary,Apparel Retail
1374,RRC,Year 1,12/31/2012," $1,367,135,000 "," $328,784,000 "," $248,136,000 ", $-   ," $445,228,000 ",Energy,Oil & Gas Exploration & Production
1375,RRC,Year 2,12/31/2013," $1,832,253,000 "," $516,119,000 "," $391,707,000 ", $-   ," $492,397,000 ",Energy,Oil & Gas Exploration & Production
1376,RRC,Year 3,12/31/2014," $2,042,537,000 "," $605,752,000 "," $191,802,000 ", $-   ," $551,032,000 ",Energy,Oil & Gas Exploration & Production
1377,RRC,Year 4,12/31/2015," $1,181,704,000 "," $648,968,000 "," $165,318,000 ", $-   ," $581,155,000 ",Energy,Oil & Gas Exploration & Production
1378,RSG,Year 1,12/31/2013," $8,417,200,000 "," $5,234,700,000 "," $1,088,100,000 ", $-   ," $877,400,000 ",Industrials,Industrial Conglomerates
1379,RSG,Year 2,12/31/2014," $8,803,300,000 "," $5,643,100,000 "," $998,400,000 ", $-   ," $906,900,000 ",Industrials,Industrial Conglomerates
1380,RSG,Year 3,12/31/2015," $9,115,000,000 "," $5,518,600,000 "," $1,067,000,000 ", $-   ," $970,600,000 ",Industrials,Industrial Conglomerates
1381,RSG,Year 4,12/31/2016," $9,387,700,000 "," $5,764,000,000 "," $1,054,500,000 ", $-   ," $991,100,000 ",Industrials,Industrial Conglomerates
1382,SBUX,Year 1,9/29/2013," $14,866,800,000 "," $6,382,300,000 "," $5,655,800,000 ", $-   ," $621,400,000 ",Consumer Discretionary,Restaurants
1383,SBUX,Year 2,9/28/2014," $16,447,800,000 "," $6,858,800,000 "," $6,086,800,000 ", $-   ," $709,600,000 ",Consumer Discretionary,Restaurants
1384,SBUX,Year 3,9/27/2015," $19,162,700,000 "," $7,787,500,000 "," $7,130,200,000 ", $-   ," $893,900,000 ",Consumer Discretionary,Restaurants
1385,SBUX,Year 4,10/2/2016," $21,315,900,000 "," $8,511,100,000 "," $7,970,300,000 ", $-   ," $980,800,000 ",Consumer Discretionary,Restaurants
1386,SCG,Year 1,12/31/2012," $4,176,000,000 "," $2,754,000,000 "," $207,000,000 ", $-   ," $356,000,000 ",Utilities,MultiUtilities
1387,SCG,Year 2,12/31/2013," $4,495,000,000 "," $2,987,000,000 "," $220,000,000 ", $-   ," $378,000,000 ",Utilities,MultiUtilities
1388,SCG,Year 3,12/31/2014," $4,951,000,000 "," $3,331,000,000 "," $229,000,000 ", $-   ," $384,000,000 ",Utilities,MultiUtilities
1389,SCG,Year 4,12/31/2015," $4,380,000,000 "," $2,714,000,000 "," $234,000,000 ", $-   ," $358,000,000 ",Utilities,MultiUtilities
1394,SE,Year 1,12/31/2012," $5,075,000,000 "," $2,417,000,000 "," $337,000,000 ", $-   ," $746,000,000 ",Energy,Oil & Gas Refining & Marketing & Transportation
1395,SE,Year 2,12/31/2013," $5,518,000,000 "," $2,707,000,000 "," $373,000,000 ", $-   ," $772,000,000 ",Energy,Oil & Gas Refining & Marketing & Transportation
1396,SE,Year 3,12/31/2014," $5,903,000,000 "," $2,790,000,000 "," $393,000,000 ", $-   ," $796,000,000 ",Energy,Oil & Gas Refining & Marketing & Transportation
1397,SE,Year 4,12/31/2015," $5,234,000,000 "," $2,335,000,000 "," $353,000,000 ", $-   ," $764,000,000 ",Energy,Oil & Gas Refining & Marketing & Transportation
1398,SEE,Year 1,12/31/2013," $7,690,800,000 "," $5,100,900,000 "," $1,788,300,000 ", $-   ," $123,200,000 ",Materials,Paper Packaging
1399,SEE,Year 2,12/31/2014," $7,750,500,000 "," $5,062,900,000 "," $1,849,400,000 ", $-   ," $118,900,000 ",Materials,Paper Packaging
1400,SEE,Year 3,12/31/2015," $7,031,500,000 "," $4,444,900,000 "," $1,656,200,000 ", $-   ," $88,700,000 ",Materials,Paper Packaging
1401,SEE,Year 4,12/31/2016," $6,778,300,000 "," $4,246,700,000 "," $1,604,400,000 ", $-   ," $94,900,000 ",Materials,Paper Packaging
1402,SHW,Year 1,12/31/2012," $9,534,462,000 "," $5,328,236,000 "," $3,264,896,000 ", $-   , $-   ,Materials,Specialty Chemicals
1403,SHW,Year 2,12/31/2013," $10,185,532,000 "," $5,568,966,000 "," $3,470,200,000 ", $-   , $-   ,Materials,Specialty Chemicals
1404,SHW,Year 3,12/31/2014," $11,129,533,000 "," $5,965,049,000 "," $3,860,448,000 ", $-   , $-   ,Materials,Specialty Chemicals
1405,SHW,Year 4,12/31/2015," $11,339,304,000 "," $5,780,078,000 "," $3,943,786,000 ", $-   , $-   ,Materials,Specialty Chemicals
1406,SIG,Year 1,2/2/2013," $3,983,400,000 "," $2,446,000,000 "," $976,900,000 ", $-   , $-   ,Consumer Discretionary,Specialty Stores
1407,SIG,Year 2,2/1/2014," $4,209,200,000 "," $2,628,700,000 "," $1,010,000,000 ", $-   , $-   ,Consumer Discretionary,Specialty Stores
1408,SIG,Year 3,2/2/2015," $5,736,300,000 "," $3,662,100,000 "," $1,497,600,000 ", $-   , $-   ,Consumer Discretionary,Specialty Stores
1409,SIG,Year 4,1/30/2016," $6,550,200,000 "," $4,109,800,000 "," $1,736,700,000 ", $-   , $-   ,Consumer Discretionary,Specialty Stores
1410,SJM,Year 1,4/30/2013," $5,897,700,000 "," $3,870,100,000 "," $1,020,400,000 ", $-   ," $96,800,000 ",Consumer Staples,Packaged Foods & Meats
1411,SJM,Year 2,4/30/2014," $5,610,600,000 "," $3,579,600,000 "," $1,013,100,000 ", $-   ," $98,900,000 ",Consumer Staples,Packaged Foods & Meats
1412,SJM,Year 3,4/30/2015," $5,692,700,000 "," $3,724,000,000 "," $1,085,800,000 ", $-   ," $110,900,000 ",Consumer Staples,Packaged Foods & Meats
1413,SJM,Year 4,4/30/2016," $7,811,200,000 "," $4,843,400,000 "," $1,614,100,000 ", $-   ," $208,400,000 ",Consumer Staples,Packaged Foods & Meats
1414,SLG,Year 1,12/31/2012," $1,290,052,000 "," $470,243,000 "," $120,310,000 ", $-   ," $330,418,000 ",Real Estate,Office REITs
1415,SLG,Year 2,12/31/2013," $1,371,065,000 "," $479,665,000 "," $122,128,000 ", $-   ," $340,316,000 ",Real Estate,Office REITs
1416,SLG,Year 3,12/31/2014," $1,519,978,000 "," $500,126,000 "," $133,502,000 ", $-   ," $393,987,000 ",Real Estate,Office REITs
1417,SLG,Year 4,12/31/2015," $1,662,829,000 "," $534,326,000 "," $139,137,000 ", $-   ," $588,235,000 ",Real Estate,Office REITs
1418,SNA,Year 1,12/31/2013," $3,237,500,000 "," $1,638,900,000 "," $1,012,400,000 ", $-   , $-   ,Consumer Discretionary,Household Appliances
1419,SNA,Year 2,1/3/2015," $3,492,600,000 "," $1,759,200,000 "," $1,048,700,000 ", $-   , $-   ,Consumer Discretionary,Household Appliances
1420,SNA,Year 3,1/2/2016," $3,593,100,000 "," $1,774,600,000 "," $1,053,700,000 ", $-   , $-   ,Consumer Discretionary,Household Appliances
1421,SNA,Year 4,12/31/2016," $3,711,800,000 "," $1,803,500,000 "," $1,054,100,000 ", $-   , $-   ,Consumer Discretionary,Household Appliances
1422,SNI,Year 1,12/31/2012," $2,307,182,000 "," $610,836,000 "," $655,473,000 ", $-   ," $107,591,000 ",Consumer Discretionary,Broadcasting & Cable TV
1423,SNI,Year 2,12/31/2013," $2,530,809,000 "," $699,294,000 "," $729,055,000 ", $-   ," $117,580,000 ",Consumer Discretionary,Broadcasting & Cable TV
1424,SNI,Year 3,12/31/2014," $2,665,456,000 "," $778,896,000 "," $764,799,000 ", $-   ," $128,582,000 ",Consumer Discretionary,Broadcasting & Cable TV
1425,SNI,Year 4,12/31/2015," $3,018,227,000 "," $987,357,000 "," $785,179,000 ", $-   ," $137,596,000 ",Consumer Discretionary,Broadcasting & Cable TV
1426,SO,Year 1,12/31/2012," $16,537,000,000 "," $9,373,000,000 "," $914,000,000 ", $-   ," $1,787,000,000 ",Utilities,Electric Utilities
1427,SO,Year 2,12/31/2013," $17,087,000,000 "," $9,817,000,000 "," $934,000,000 ", $-   ," $1,901,000,000 ",Utilities,Electric Utilities
1428,SO,Year 3,12/31/2014," $18,467,000,000 "," $11,031,000,000 "," $981,000,000 ", $-   ," $1,945,000,000 ",Utilities,Electric Utilities
1429,SO,Year 4,12/31/2015," $17,489,000,000 "," $9,811,000,000 "," $997,000,000 ", $-   ," $2,034,000,000 ",Utilities,Electric Utilities
1430,SPG,Year 1,12/31/2012," $4,256,157,000 "," $800,380,000 "," $376,687,000 ", $-   ," $1,068,382,000 ",Real Estate,REITs
1431,SPG,Year 2,12/31/2013," $4,543,849,000 "," $837,946,000 "," $402,369,000 ", $-   ," $1,107,700,000 ",Real Estate,REITs
1432,SPG,Year 3,12/31/2014," $4,870,818,000 "," $882,803,000 "," $446,845,000 ", $-   ," $1,143,827,000 ",Real Estate,REITs
1433,SPG,Year 4,12/31/2015," $5,266,103,000 "," $960,192,000 "," $452,835,000 ", $-   ," $1,177,568,000 ",Real Estate,REITs
1438,SPLS,Year 1,2/2/2013," $24,380,510,000 "," $17,889,249,000 "," $4,884,284,000 ", $-   ," $78,900,000 ",Consumer Discretionary,Specialty Stores
1439,SPLS,Year 2,2/1/2014," $23,114,000,000 "," $17,082,000,000 "," $4,735,000,000 ", $-   ," $55,000,000 ",Consumer Discretionary,Specialty Stores
1440,SPLS,Year 3,1/31/2015," $22,492,000,000 "," $16,691,000,000 "," $4,816,000,000 ", $-   ," $62,000,000 ",Consumer Discretionary,Specialty Stores
1441,SPLS,Year 4,1/30/2016," $21,059,000,000 "," $15,545,000,000 "," $4,600,000,000 ", $-   ," $67,000,000 ",Consumer Discretionary,Specialty Stores
1442,SRCL,Year 1,12/31/2012," $1,913,149,000 "," $1,055,844,000 "," $356,817,000 ", $-   ," $31,652,000 ",Industrials,Industrial Conglomerates
1443,SRCL,Year 2,12/31/2013," $2,142,807,000 "," $1,178,173,000 "," $390,610,000 ", $-   ," $38,405,000 ",Industrials,Industrial Conglomerates
1444,SRCL,Year 3,12/31/2014," $2,555,601,000 "," $1,461,190,000 "," $489,937,000 ", $-   ," $48,138,000 ",Industrials,Industrial Conglomerates
1445,SRCL,Year 4,12/31/2015," $2,985,908,000 "," $1,719,723,000 "," $712,803,000 ", $-   ," $65,770,000 ",Industrials,Industrial Conglomerates
1446,SRE,Year 1,12/31/2012," $9,647,000,000 "," $6,646,000,000 "," $359,000,000 ", $-   ," $1,090,000,000 ",Utilities,MultiUtilities
1447,SRE,Year 2,12/31/2013," $10,557,000,000 "," $7,186,000,000 "," $574,000,000 ", $-   ," $1,113,000,000 ",Utilities,MultiUtilities
1448,SRE,Year 3,12/31/2014," $11,035,000,000 "," $7,689,000,000 "," $414,000,000 ", $-   ," $1,156,000,000 ",Utilities,MultiUtilities
1449,SRE,Year 4,12/31/2015," $10,231,000,000 "," $6,648,000,000 "," $397,000,000 ", $-   ," $1,250,000,000 ",Utilities,MultiUtilities
1450,STI,Year 1,12/31/2012," $11,240,000,000 "," $429,000,000 "," $6,073,000,000 ", $-   ," $1,441,000,000 ",Financials,Banks
1451,STI,Year 2,12/31/2013," $8,602,000,000 "," $291,000,000 "," $5,808,000,000 ", $-   ," $576,000,000 ",Financials,Banks
1452,STI,Year 3,12/31/2014," $8,707,000,000 "," $235,000,000 "," $5,518,000,000 ", $-   ," $367,000,000 ",Financials,Banks
1453,STI,Year 4,12/31/2015," $8,533,000,000 "," $219,000,000 "," $5,120,000,000 ", $-   ," $205,000,000 ",Financials,Banks
1458,STX,Year 1,6/28/2013," $14,351,000,000 "," $10,411,000,000 "," $635,000,000 "," $1,133,000,000 "," $79,000,000 ",Information Technology,Computer Storage & Peripherals
1459,STX,Year 2,6/27/2014," $13,724,000,000 "," $9,878,000,000 "," $722,000,000 "," $1,226,000,000 "," $98,000,000 ",Information Technology,Computer Storage & Peripherals
1460,STX,Year 3,7/3/2015," $13,739,000,000 "," $9,930,000,000 "," $237,000,000 "," $1,353,000,000 "," $129,000,000 ",Information Technology,Computer Storage & Peripherals
1461,STX,Year 4,7/1/2016," $11,160,000,000 "," $8,545,000,000 "," $635,000,000 "," $1,237,000,000 "," $123,000,000 ",Information Technology,Computer Storage & Peripherals
1462,STZ,Year 1,2/28/2013," $2,796,100,000 "," $1,687,800,000 "," $585,400,000 ", $-   , $-   ,Consumer Staples,Distillers & Vintners
1463,STZ,Year 2,2/28/2014," $4,867,700,000 "," $2,876,000,000 "," $895,100,000 ", $-   , $-   ,Consumer Staples,Distillers & Vintners
1464,STZ,Year 3,2/28/2015," $6,028,000,000 "," $3,449,400,000 "," $1,078,400,000 ", $-   , $-   ,Consumer Staples,Distillers & Vintners
1465,STZ,Year 4,2/29/2016," $6,548,400,000 "," $3,606,100,000 "," $1,177,200,000 ", $-   , $-   ,Consumer Staples,Distillers & Vintners
1466,SWK,Year 1,12/28/2013," $10,889,500,000 "," $6,985,800,000 "," $2,960,300,000 ", $-   , $-   ,Consumer Discretionary,Household Appliances
1467,SWK,Year 2,1/3/2015," $11,338,600,000 "," $7,235,900,000 "," $2,814,600,000 ", $-   , $-   ,Consumer Discretionary,Household Appliances
1468,SWK,Year 3,1/2/2016," $11,171,800,000 "," $7,099,800,000 "," $2,681,100,000 ", $-   , $-   ,Consumer Discretionary,Household Appliances
1469,SWK,Year 4,12/31/2016," $11,406,900,000 "," $7,139,700,000 "," $2,798,900,000 ", $-   , $-   ,Consumer Discretionary,Household Appliances
1470,SWKS,Year 1,9/27/2013," $1,792,000,000 "," $1,025,400,000 "," $159,700,000 "," $226,300,000 "," $29,100,000 ",Information Technology,Semiconductors
1471,SWKS,Year 2,10/3/2014," $2,291,500,000 "," $1,268,800,000 "," $179,100,000 "," $252,200,000 "," $25,900,000 ",Information Technology,Semiconductors
1472,SWKS,Year 3,10/2/2015," $3,258,400,000 "," $1,703,900,000 "," $191,300,000 "," $303,200,000 "," $33,500,000 ",Information Technology,Semiconductors
1473,SWKS,Year 4,9/30/2016," $3,289,000,000 "," $1,623,800,000 "," $195,900,000 "," $312,400,000 "," $33,400,000 ",Information Technology,Semiconductors
1474,SWN,Year 1,12/31/2012," $2,730,000,000 "," $245,000,000 "," $835,000,000 ", $-   ," $811,000,000 ",Energy,Oil & Gas Exploration & Production
1475,SWN,Year 2,12/31/2013," $3,371,000,000 "," $328,000,000 "," $1,052,000,000 ", $-   ," $787,000,000 ",Energy,Oil & Gas Exploration & Production
1476,SWN,Year 3,12/31/2014," $4,038,000,000 "," $427,000,000 "," $1,296,000,000 ", $-   ," $942,000,000 ",Energy,Oil & Gas Exploration & Production
1477,SWN,Year 4,12/31/2015," $3,133,000,000 "," $689,000,000 "," $1,208,000,000 ", $-   ," $1,091,000,000 ",Energy,Oil & Gas Exploration & Production
1478,SYF,Year 1,12/31/2012," $10,793,000,000 "," $362,000,000 "," $2,123,000,000 ", $-   ," $4,549,000,000 ",Financials,Consumer Finance
1479,SYF,Year 2,12/31/2013," $11,813,000,000 "," $374,000,000 "," $2,484,000,000 ", $-   ," $5,445,000,000 ",Financials,Consumer Finance
1480,SYF,Year 3,12/31/2014," $12,727,000,000 "," $470,000,000 "," $2,927,000,000 ", $-   ," $5,492,000,000 ",Financials,Consumer Finance
1481,SYF,Year 4,12/31/2015," $13,620,000,000 "," $607,000,000 "," $3,264,000,000 ", $-   ," $5,690,000,000 ",Financials,Consumer Finance
1482,SYK,Year 1,12/31/2013," $9,021,000,000 "," $3,002,000,000 "," $4,089,000,000 "," $536,000,000 "," $138,000,000 ",Health Care,Health Care Equipment
1483,SYK,Year 2,12/31/2014," $9,675,000,000 "," $3,319,000,000 "," $4,308,000,000 "," $614,000,000 "," $188,000,000 ",Health Care,Health Care Equipment
1484,SYK,Year 3,12/31/2015," $9,946,000,000 "," $3,344,000,000 "," $3,906,000,000 "," $625,000,000 "," $210,000,000 ",Health Care,Health Care Equipment
1485,SYK,Year 4,12/31/2016," $11,325,000,000 "," $3,830,000,000 "," $4,295,000,000 "," $715,000,000 "," $319,000,000 ",Health Care,Health Care Equipment
1486,SYMC,Year 1,3/29/2013," $6,906,000,000 "," $1,175,000,000 "," $3,236,000,000 "," $1,026,000,000 "," $286,000,000 ",Information Technology,Application Software
1487,SYMC,Year 2,3/28/2014," $4,183,000,000 "," $791,000,000 "," $2,186,000,000 "," $722,000,000 "," $93,000,000 ",Information Technology,Application Software
1488,SYMC,Year 3,4/3/2015," $3,956,000,000 "," $727,000,000 "," $2,012,000,000 "," $812,000,000 "," $87,000,000 ",Information Technology,Application Software
1489,SYMC,Year 4,4/1/2016," $3,600,000,000 "," $615,000,000 "," $1,587,000,000 "," $748,000,000 "," $57,000,000 ",Information Technology,Application Software
1490,SYY,Year 1,6/29/2013," $44,411,233,000 "," $36,414,626,000 "," $6,338,129,000 ", $-   , $-   ,Consumer Staples,Food Distributors
1491,SYY,Year 2,6/28/2014," $46,516,712,000 "," $38,335,677,000 ", $-   , $-   , $-   ,Consumer Staples,Food Distributors
1492,SYY,Year 3,6/27/2015," $48,680,752,000 "," $40,129,236,000 ", $-   , $-   , $-   ,Consumer Staples,Food Distributors
1493,SYY,Year 4,7/2/2016," $50,366,919,000 "," $41,326,447,000 ", $-   , $-   , $-   ,Consumer Staples,Food Distributors
1494,T,Year 1,12/31/2012," $127,434,000,000 "," $55,228,000,000 "," $41,066,000,000 ", $-   ," $18,143,000,000 ",Telecommunications Services,Integrated Telecommunications Services
1495,T,Year 2,12/31/2013," $128,752,000,000 "," $51,191,000,000 "," $28,414,000,000 ", $-   ," $18,395,000,000 ",Telecommunications Services,Integrated Telecommunications Services
1496,T,Year 3,12/31/2014," $132,447,000,000 "," $60,145,000,000 "," $41,817,000,000 ", $-   ," $18,273,000,000 ",Telecommunications Services,Integrated Telecommunications Services
1497,T,Year 4,12/31/2015," $146,801,000,000 "," $67,046,000,000 "," $32,954,000,000 ", $-   ," $22,016,000,000 ",Telecommunications Services,Integrated Telecommunications Services
1498,TAP,Year 1,12/31/2013," $4,206,100,000 "," $2,545,600,000 "," $1,193,800,000 ", $-   , $-   ,Consumer Staples,Brewers
1499,TAP,Year 2,12/31/2014," $4,146,300,000 "," $2,493,300,000 "," $1,163,900,000 ", $-   , $-   ,Consumer Staples,Brewers
1500,TAP,Year 3,12/31/2015," $3,567,500,000 "," $2,163,500,000 "," $1,051,800,000 ", $-   , $-   ,Consumer Staples,Brewers
1501,TAP,Year 4,12/31/2016," $4,885,000,000 "," $3,003,100,000 "," $1,597,300,000 ", $-   , $-   ,Consumer Staples,Brewers
1502,TDC,Year 1,12/31/2012," $2,665,000,000 "," $1,174,000,000 "," $728,000,000 "," $183,000,000 ", $-   ,Information Technology,Application Software
1503,TDC,Year 2,12/31/2013," $2,692,000,000 "," $1,219,000,000 "," $757,000,000 "," $184,000,000 ", $-   ,Information Technology,Application Software
1504,TDC,Year 3,12/31/2014," $2,732,000,000 "," $1,253,000,000 "," $770,000,000 "," $206,000,000 ", $-   ,Information Technology,Application Software
1505,TDC,Year 4,12/31/2015," $2,530,000,000 "," $1,254,000,000 "," $765,000,000 "," $228,000,000 ", $-   ,Information Technology,Application Software
1506,TDG,Year 1,9/30/2013," $1,924,400,000 "," $874,838,000 "," $254,468,000 ", $-   ," $45,639,000 ",Industrials,Aerospace & Defense
1507,TDG,Year 2,9/30/2014," $2,372,906,000 "," $1,105,032,000 "," $276,446,000 ", $-   ," $63,608,000 ",Industrials,Aerospace & Defense
1508,TDG,Year 3,9/30/2015," $2,707,115,000 "," $1,257,270,000 "," $321,624,000 ", $-   ," $54,219,000 ",Industrials,Aerospace & Defense
1509,TDG,Year 4,9/30/2016," $3,171,411,000 "," $1,443,348,000 "," $382,858,000 ", $-   ," $77,445,000 ",Industrials,Aerospace & Defense
1510,TEL,Year 1,9/27/2013," $11,390,000,000 "," $7,739,000,000 "," $1,440,000,000 "," $590,000,000 ", $-   ,Information Technology,Electronic Manufacturing Services
1511,TEL,Year 2,9/26/2014," $11,973,000,000 "," $8,001,000,000 "," $1,534,000,000 "," $583,000,000 ", $-   ,Information Technology,Electronic Manufacturing Services
1512,TEL,Year 3,9/25/2015," $12,233,000,000 "," $8,146,000,000 "," $1,504,000,000 "," $627,000,000 ", $-   ,Information Technology,Electronic Manufacturing Services
1513,TEL,Year 4,9/30/2016," $12,238,000,000 "," $8,205,000,000 "," $1,463,000,000 "," $644,000,000 ", $-   ,Information Technology,Electronic Manufacturing Services
1514,TGNA,Year 1,12/30/2012," $5,353,197,000 "," $2,943,847,000 "," $1,303,427,000 ", $-   ," $194,039,000 ",Consumer Discretionary,Publishing
1515,TGNA,Year 2,12/29/2013," $1,603,123,000 "," $662,769,000 "," $531,932,000 ", $-   ," $74,833,000 ",Consumer Discretionary,Publishing
1516,TGNA,Year 3,12/31/2014," $2,626,141,000 "," $954,990,000 "," $766,854,000 ", $-   ," $151,837,000 ",Consumer Discretionary,Publishing
1517,TGNA,Year 4,12/31/2015," $3,050,945,000 "," $923,336,000 "," $1,068,221,000 ", $-   ," $205,087,000 ",Consumer Discretionary,Publishing
1518,TGT,Year 1,2/2/2013," $73,301,000,000 "," $50,568,000,000 "," $15,110,000,000 ", $-   ," $2,044,000,000 ",Consumer Discretionary,General Merchandise Stores
1519,TGT,Year 2,2/1/2014," $71,279,000,000 "," $50,039,000,000 "," $14,465,000,000 ", $-   ," $1,996,000,000 ",Consumer Discretionary,General Merchandise Stores
1520,TGT,Year 3,1/31/2015," $72,618,000,000 "," $51,278,000,000 "," $14,676,000,000 ", $-   ," $2,129,000,000 ",Consumer Discretionary,General Merchandise Stores
1521,TGT,Year 4,1/30/2016," $73,785,000,000 "," $51,997,000,000 "," $14,665,000,000 ", $-   ," $2,213,000,000 ",Consumer Discretionary,General Merchandise Stores
1522,TIF,Year 1,1/31/2013," $3,794,249,000 "," $1,630,965,000 "," $1,466,067,000 ", $-   , $-   ,Consumer Discretionary,"Apparel, Accessories & Luxury Goods"
1523,TIF,Year 2,1/31/2014," $4,031,100,000 "," $1,690,700,000 "," $2,036,100,000 ", $-   , $-   ,Consumer Discretionary,"Apparel, Accessories & Luxury Goods"
1524,TIF,Year 3,1/31/2015," $4,249,900,000 "," $1,712,700,000 "," $1,645,800,000 ", $-   , $-   ,Consumer Discretionary,"Apparel, Accessories & Luxury Goods"
1525,TIF,Year 4,1/31/2016," $4,104,900,000 "," $1,613,600,000 "," $1,731,200,000 ", $-   , $-   ,Consumer Discretionary,"Apparel, Accessories & Luxury Goods"
1526,TJX,Year 1,2/2/2013," $25,878,372,000 "," $18,521,400,000 "," $4,250,446,000 ", $-   , $-   ,Consumer Discretionary,Apparel Retail
1527,TJX,Year 2,2/1/2014," $27,422,696,000 "," $19,605,037,000 "," $4,467,089,000 ", $-   , $-   ,Consumer Discretionary,Apparel Retail
1528,TJX,Year 3,1/31/2015," $29,078,407,000 "," $20,776,522,000 "," $4,695,384,000 ", $-   , $-   ,Consumer Discretionary,Apparel Retail
1529,TJX,Year 4,1/30/2016," $30,944,938,000 "," $22,034,523,000 "," $5,205,715,000 ", $-   , $-   ,Consumer Discretionary,Apparel Retail
1530,TMK,Year 1,12/31/2012," $3,589,516,000 "," $1,955,682,000 ", $-   , $-   ," $787,329,000 ",Financials,Life & Health Insurance
1531,TMK,Year 2,12/31/2013," $3,494,253,000 "," $1,838,766,000 ", $-   , $-   ," $819,711,000 ",Financials,Life & Health Insurance
1532,TMK,Year 3,12/31/2014," $3,620,095,000 "," $1,903,384,000 ", $-   , $-   ," $855,908,000 ",Financials,Life & Health Insurance
1533,TMK,Year 4,12/31/2015," $3,766,065,000 "," $2,016,212,000 ", $-   , $-   ," $907,024,000 ",Financials,Life & Health Insurance
1534,TMO,Year 1,12/31/2012," $12,509,900,000 "," $7,214,400,000 "," $3,354,900,000 "," $376,400,000 ", $-   ,Health Care,Health Care Equipment
1535,TMO,Year 2,12/31/2013," $13,090,300,000 "," $7,561,200,000 "," $3,446,300,000 "," $395,500,000 ", $-   ,Health Care,Health Care Equipment
1536,TMO,Year 3,12/31/2014," $16,889,600,000 "," $9,397,600,000 "," $4,896,100,000 "," $691,100,000 ", $-   ,Health Care,Health Care Equipment
1537,TMO,Year 4,12/31/2015," $16,965,400,000 "," $9,209,500,000 "," $4,612,100,000 "," $692,300,000 ", $-   ,Health Care,Health Care Equipment
1538,TRIP,Year 1,12/31/2012," $763,000,000 "," $12,000,000 "," $429,000,000 ", $-   ," $26,000,000 ",Consumer Discretionary,Internet & Direct Marketing Retail
1539,TRIP,Year 2,12/31/2013," $945,000,000 "," $18,000,000 "," $597,000,000 ", $-   ," $36,000,000 ",Consumer Discretionary,Internet & Direct Marketing Retail
1540,TRIP,Year 3,12/31/2014," $1,246,000,000 "," $40,000,000 "," $801,000,000 ", $-   ," $65,000,000 ",Consumer Discretionary,Internet & Direct Marketing Retail
1541,TRIP,Year 4,12/31/2015," $1,492,000,000 "," $58,000,000 "," $1,109,000,000 ", $-   ," $93,000,000 ",Consumer Discretionary,Internet & Direct Marketing Retail
1542,TRV,Year 1,12/31/2013," $26,191,000,000 "," $13,307,000,000 "," $3,757,000,000 ", $-   ," $3,821,000,000 ",Financials,Property & Casualty Insurance
1543,TRV,Year 2,12/31/2014," $27,174,000,000 "," $13,870,000,000 "," $3,964,000,000 ", $-   ," $3,882,000,000 ",Financials,Property & Casualty Insurance
1544,TRV,Year 3,12/31/2015," $26,815,000,000 "," $13,723,000,000 "," $4,094,000,000 ", $-   ," $3,885,000,000 ",Financials,Property & Casualty Insurance
1545,TRV,Year 4,12/31/2016," $27,625,000,000 "," $15,070,000,000 "," $4,154,000,000 ", $-   ," $3,985,000,000 ",Financials,Property & Casualty Insurance
1546,TSCO,Year 1,12/29/2012," $4,664,120,000 "," $3,098,066,000 "," $1,040,287,000 ", $-   ," $88,975,000 ",Consumer Discretionary,Specialty Retail
1547,TSCO,Year 2,12/28/2013," $5,164,784,000 "," $3,411,175,000 "," $1,138,934,000 ", $-   ," $100,025,000 ",Consumer Discretionary,Specialty Retail
1548,TSCO,Year 3,12/27/2014," $5,711,715,000 "," $3,761,300,000 "," $1,246,308,000 ", $-   ," $114,635,000 ",Consumer Discretionary,Specialty Retail
1549,TSCO,Year 4,12/26/2015," $6,226,507,000 "," $4,083,333,000 "," $1,369,097,000 ", $-   ," $123,569,000 ",Consumer Discretionary,Specialty Retail
1550,TSN,Year 1,10/3/2013," $34,374,000,000 "," $32,016,000,000 "," $983,000,000 ", $-   , $-   ,Consumer Staples,Packaged Foods & Meats
1551,TSN,Year 2,10/3/2014," $37,580,000,000 "," $34,895,000,000 "," $1,255,000,000 ", $-   , $-   ,Consumer Staples,Packaged Foods & Meats
1552,TSN,Year 3,10/3/2015," $41,373,000,000 "," $37,456,000,000 "," $1,748,000,000 ", $-   , $-   ,Consumer Staples,Packaged Foods & Meats
1553,TSN,Year 4,10/1/2016," $36,881,000,000 "," $32,184,000,000 "," $1,864,000,000 ", $-   , $-   ,Consumer Staples,Packaged Foods & Meats
1554,TSO,Year 1,12/31/2012," $29,809,000,000 "," $26,045,000,000 "," $1,702,000,000 ", $-   ," $418,000,000 ",Energy,Oil & Gas Refining & Marketing & Transportation
1555,TSO,Year 2,12/31/2013," $37,601,000,000 "," $34,085,000,000 "," $2,248,000,000 ", $-   ," $489,000,000 ",Energy,Oil & Gas Refining & Marketing & Transportation
1556,TSO,Year 3,12/31/2014," $40,633,000,000 "," $35,673,000,000 "," $2,762,000,000 ", $-   ," $562,000,000 ",Energy,Oil & Gas Refining & Marketing & Transportation
1557,TSO,Year 4,12/31/2015," $28,711,000,000 "," $22,466,000,000 "," $2,620,000,000 ", $-   ," $756,000,000 ",Energy,Oil & Gas Refining & Marketing & Transportation
1558,TSS,Year 1,12/31/2012," $1,793,557,000 "," $1,189,341,000 "," $247,597,000 ", $-   , $-   ,Information Technology,Internet Software & Services
1559,TSS,Year 2,12/31/2013," $2,064,305,000 "," $1,369,438,000 "," $312,367,000 ", $-   , $-   ,Information Technology,Internet Software & Services
1560,TSS,Year 3,12/31/2014," $2,446,877,000 "," $1,668,892,000 "," $346,345,000 ", $-   , $-   ,Information Technology,Internet Software & Services
1561,TSS,Year 4,12/31/2015," $2,779,541,000 "," $1,855,181,000 "," $390,253,000 ", $-   , $-   ,Information Technology,Internet Software & Services
1562,TXN,Year 1,12/31/2012," $12,825,000,000 "," $6,457,000,000 "," $1,804,000,000 "," $1,877,000,000 ", $-   ,Information Technology,Semiconductors
1563,TXN,Year 2,12/31/2013," $12,205,000,000 "," $5,841,000,000 "," $1,858,000,000 "," $1,522,000,000 ", $-   ,Information Technology,Semiconductors
1564,TXN,Year 3,12/31/2014," $13,045,000,000 "," $5,618,000,000 "," $1,843,000,000 "," $1,358,000,000 ", $-   ,Information Technology,Semiconductors
1565,TXN,Year 4,12/31/2015," $13,000,000,000 "," $5,440,000,000 "," $1,748,000,000 "," $1,280,000,000 ", $-   ,Information Technology,Semiconductors
1566,TXT,Year 1,12/29/2012," $12,237,000,000 "," $10,019,000,000 "," $1,165,000,000 ", $-   , $-   ,Industrials,Industrial Conglomerates
1567,TXT,Year 2,12/28/2013," $12,104,000,000 "," $10,131,000,000 "," $1,126,000,000 ", $-   , $-   ,Industrials,Industrial Conglomerates
1568,TXT,Year 3,1/3/2015," $13,878,000,000 "," $11,421,000,000 "," $1,361,000,000 ", $-   , $-   ,Industrials,Industrial Conglomerates
1569,TXT,Year 4,1/2/2016," $13,423,000,000 "," $10,979,000,000 "," $1,304,000,000 ", $-   , $-   ,Industrials,Industrial Conglomerates
1570,UA,Year 1,12/31/2012," $1,834,921,000 "," $955,624,000 "," $670,602,000 ", $-   , $-   ,Consumer Discretionary,"Apparel, Accessories & Luxury Goods"
1571,UA,Year 2,12/31/2013," $2,332,051,000 "," $1,195,381,000 "," $871,572,000 ", $-   , $-   ,Consumer Discretionary,"Apparel, Accessories & Luxury Goods"
1572,UA,Year 3,12/31/2014," $3,084,370,000 "," $1,572,164,000 "," $1,158,251,000 ", $-   , $-   ,Consumer Discretionary,"Apparel, Accessories & Luxury Goods"
1573,UA,Year 4,12/31/2015," $3,963,313,000 "," $2,057,766,000 "," $1,497,000,000 ", $-   , $-   ,Consumer Discretionary,"Apparel, Accessories & Luxury Goods"
1574,UAA,Year 1,12/31/2012," $1,834,921,000 "," $955,624,000 "," $670,602,000 ", $-   , $-   ,Consumer Discretionary,"Apparel, Accessories & Luxury Goods"
1575,UAA,Year 2,12/31/2013," $2,332,051,000 "," $1,195,381,000 "," $871,572,000 ", $-   , $-   ,Consumer Discretionary,"Apparel, Accessories & Luxury Goods"
1576,UAA,Year 3,12/31/2014," $3,084,370,000 "," $1,572,164,000 "," $1,158,251,000 ", $-   , $-   ,Consumer Discretionary,"Apparel, Accessories & Luxury Goods"
1577,UAA,Year 4,12/31/2015," $3,963,313,000 "," $2,057,766,000 "," $1,497,000,000 ", $-   , $-   ,Consumer Discretionary,"Apparel, Accessories & Luxury Goods"
1578,UAL,Year 1,12/31/2012," $37,152,000,000 "," $17,820,000,000 "," $16,448,000,000 ", $-   ," $1,522,000,000 ",Industrials,Airlines
1579,UAL,Year 2,12/31/2013," $38,279,000,000 "," $17,192,000,000 "," $17,629,000,000 ", $-   ," $1,689,000,000 ",Industrials,Airlines
1580,UAL,Year 3,12/31/2014," $38,901,000,000 "," $16,611,000,000 "," $17,795,000,000 ", $-   ," $1,679,000,000 ",Industrials,Airlines
1581,UAL,Year 4,12/31/2015," $37,864,000,000 "," $12,130,000,000 "," $18,423,000,000 ", $-   ," $1,819,000,000 ",Industrials,Airlines
1582,UDR,Year 1,12/31/2012," $716,612,000 "," $245,316,000 "," $58,005,000 ", $-   ," $346,031,000 ",Real Estate,Residential REITs
1583,UDR,Year 2,12/31/2013," $758,926,000 "," $258,612,000 "," $37,121,000 ", $-   ," $346,273,000 ",Real Estate,Residential REITs
1584,UDR,Year 3,12/31/2014," $818,046,000 "," $270,741,000 "," $56,612,000 ", $-   ," $363,929,000 ",Real Estate,Residential REITs
1585,UDR,Year 4,12/31/2015," $894,638,000 "," $282,037,000 "," $71,733,000 ", $-   ," $381,277,000 ",Real Estate,Residential REITs
1590,ULTA,Year 1,2/2/2013," $2,220,256,000 "," $1,436,582,000 "," $488,880,000 ", $-   , $-   ,Consumer Discretionary,Specialty Stores
1591,ULTA,Year 2,2/2/2014," $2,670,573,000 "," $1,729,325,000 "," $596,390,000 ", $-   , $-   ,Consumer Discretionary,Specialty Stores
1592,ULTA,Year 3,1/31/2015," $3,241,369,000 "," $2,104,582,000 "," $712,006,000 ", $-   , $-   ,Consumer Discretionary,Specialty Stores
1593,ULTA,Year 4,1/31/2016," $3,924,116,000 "," $2,539,783,000 "," $863,354,000 ", $-   , $-   ,Consumer Discretionary,Specialty Stores
1594,UNH,Year 1,12/31/2013," $122,489,000,000 "," $89,659,000,000 ", $-   , $-   ," $23,207,000,000 ",Health Care,Managed Health Care
1595,UNH,Year 2,12/31/2014," $130,474,000,000 "," $93,633,000,000 ", $-   , $-   ," $26,567,000,000 ",Health Care,Managed Health Care
1596,UNH,Year 3,12/31/2015," $157,107,000,000 "," $103,875,000,000 ", $-   , $-   ," $42,211,000,000 ",Health Care,Managed Health Care
1597,UNH,Year 4,12/31/2016," $184,840,000,000 "," $117,038,000,000 ", $-   , $-   ," $54,872,000,000 ",Health Care,Managed Health Care
1598,UNM,Year 1,12/31/2012," $10,515,400,000 "," $7,172,100,000 "," $786,800,000 ", $-   ," $1,161,600,000 ",Financials,Diversified Financial Services
1599,UNM,Year 2,12/31/2013," $10,368,600,000 "," $7,038,400,000 "," $790,400,000 ", $-   ," $1,170,400,000 ",Financials,Diversified Financial Services
1600,UNM,Year 3,12/31/2014," $10,524,500,000 "," $7,722,100,000 "," $820,900,000 ", $-   ," $1,272,000,000 ",Financials,Diversified Financial Services
1601,UNM,Year 4,12/31/2015," $10,731,300,000 "," $7,209,400,000 "," $835,100,000 ", $-   ," $1,295,700,000 ",Financials,Diversified Financial Services
1602,UNP,Year 1,12/31/2013," $21,963,000,000 "," $5,849,000,000 "," $6,891,000,000 ", $-   ," $1,777,000,000 ",Industrials,Railroads
1603,UNP,Year 2,12/31/2014," $23,988,000,000 "," $6,097,000,000 "," $7,234,000,000 ", $-   ," $1,904,000,000 ",Industrials,Railroads
1604,UNP,Year 3,12/31/2015," $21,813,000,000 "," $4,434,000,000 "," $7,315,000,000 ", $-   ," $2,012,000,000 ",Industrials,Railroads
1605,UNP,Year 4,12/31/2016," $19,941,000,000 "," $3,747,000,000 "," $6,884,000,000 ", $-   ," $2,038,000,000 ",Industrials,Railroads
1606,UPS,Year 1,12/31/2012," $54,127,000,000 "," $13,574,000,000 "," $37,352,000,000 ", $-   ," $1,858,000,000 ",Industrials,Air Freight & Logistics
1607,UPS,Year 2,12/31/2013," $55,438,000,000 "," $13,703,000,000 "," $32,834,000,000 ", $-   ," $1,867,000,000 ",Industrials,Air Freight & Logistics
1608,UPS,Year 3,12/31/2014," $58,232,000,000 "," $14,758,000,000 "," $36,583,000,000 ", $-   ," $1,923,000,000 ",Industrials,Air Freight & Logistics
1609,UPS,Year 4,12/31/2015," $58,363,000,000 "," $12,947,000,000 "," $35,664,000,000 ", $-   ," $2,084,000,000 ",Industrials,Air Freight & Logistics
1610,URBN,Year 1,1/31/2013," $2,794,925,000 "," $1,763,394,000 "," $657,246,000 ", $-   , $-   ,Consumer Discretionary,Apparel Retail
1611,URBN,Year 2,1/31/2014," $3,086,608,000 "," $1,925,266,000 "," $734,511,000 ", $-   , $-   ,Consumer Discretionary,Apparel Retail
1612,URBN,Year 3,1/31/2015," $3,323,077,000 "," $2,148,147,000 "," $809,545,000 ", $-   , $-   ,Consumer Discretionary,Apparel Retail
1613,URBN,Year 4,1/31/2016," $3,445,134,000 "," $2,243,232,000 "," $848,323,000 ", $-   , $-   ,Consumer Discretionary,Apparel Retail
1614,USB,Year 1,7/31/2013," $2,436,948,000 "," $1,589,821,000 "," $441,168,000 "," $62,630,000 ", $-   ,Financials,Banks
1615,USB,Year 2,7/31/2014," $2,473,500,000 "," $1,595,700,000 "," $460,300,000 "," $61,800,000 ", $-   ,Financials,Banks
1616,USB,Year 3,7/31/2015," $2,371,200,000 "," $1,562,600,000 "," $460,100,000 "," $60,200,000 ", $-   ,Financials,Banks
1617,USB,Year 4,7/31/2016," $2,220,300,000 "," $1,465,500,000 "," $425,100,000 "," $55,500,000 ", $-   ,Financials,Banks
1618,UTX,Year 1,12/31/2013," $56,600,000,000 "," $40,468,000,000 "," $5,241,000,000 "," $2,342,000,000 ", $-   ,Industrials,Industrial Conglomerates
1619,UTX,Year 2,12/31/2014," $57,900,000,000 "," $40,898,000,000 "," $4,934,000,000 "," $2,475,000,000 ", $-   ,Industrials,Industrial Conglomerates
1620,UTX,Year 3,12/31/2015," $56,098,000,000 "," $40,431,000,000 "," $6,097,000,000 "," $2,279,000,000 ", $-   ,Industrials,Industrial Conglomerates
1621,UTX,Year 4,12/31/2016," $57,244,000,000 "," $41,460,000,000 "," $5,275,000,000 "," $2,337,000,000 ", $-   ,Industrials,Industrial Conglomerates
1622,V,Year 1,9/30/2013," $11,778,000,000 "," $1,932,000,000 "," $2,207,000,000 ", $-   ," $397,000,000 ",Information Technology,Internet Software & Services
1623,V,Year 2,9/30/2014," $12,702,000,000 "," $1,875,000,000 "," $2,242,000,000 ", $-   ," $435,000,000 ",Information Technology,Internet Software & Services
1624,V,Year 3,9/30/2015," $13,880,000,000 "," $2,079,000,000 "," $2,229,000,000 ", $-   ," $494,000,000 ",Information Technology,Internet Software & Services
1625,V,Year 4,9/30/2016," $15,082,000,000 "," $2,226,000,000 "," $4,469,000,000 ", $-   ," $502,000,000 ",Information Technology,Internet Software & Services
1626,VAR,Year 1,9/27/2013," $2,942,897,000 "," $1,693,210,000 "," $432,589,000 "," $208,208,000 ", $-   ,Health Care,Health Care Equipment
1627,VAR,Year 2,9/26/2014," $3,049,800,000 "," $1,748,100,000 "," $470,600,000 "," $234,800,000 ", $-   ,Health Care,Health Care Equipment
1628,VAR,Year 3,10/2/2015," $3,099,100,000 "," $1,816,400,000 "," $488,500,000 "," $245,200,000 ", $-   ,Health Care,Health Care Equipment
1629,VAR,Year 4,9/30/2016," $3,217,800,000 "," $1,856,500,000 "," $557,000,000 "," $253,500,000 ", $-   ,Health Care,Health Care Equipment
1630,VFC,Year 1,12/31/2012," $10,879,855,000 "," $5,817,880,000 "," $3,596,708,000 ", $-   , $-   ,Consumer Discretionary,"Apparel, Accessories & Luxury Goods"
1631,VFC,Year 2,12/31/2013," $11,419,648,000 "," $5,931,469,000 "," $3,841,032,000 ", $-   , $-   ,Consumer Discretionary,"Apparel, Accessories & Luxury Goods"
1632,VFC,Year 3,1/3/2015," $12,282,161,000 "," $6,288,190,000 "," $4,159,885,000 ", $-   , $-   ,Consumer Discretionary,"Apparel, Accessories & Luxury Goods"
1633,VFC,Year 4,1/2/2016," $12,376,744,000 "," $6,393,800,000 "," $4,178,386,000 ", $-   , $-   ,Consumer Discretionary,"Apparel, Accessories & Luxury Goods"
1634,VIAB,Year 1,9/30/2013," $13,794,000,000 "," $6,799,000,000 "," $2,829,000,000 ", $-   ," $237,000,000 ",Consumer Discretionary,Broadcasting & Cable TV
1635,VIAB,Year 2,9/30/2014," $13,783,000,000 "," $6,542,000,000 "," $2,899,000,000 ", $-   ," $217,000,000 ",Consumer Discretionary,Broadcasting & Cable TV
1636,VIAB,Year 3,9/30/2015," $13,268,000,000 "," $6,868,000,000 "," $2,860,000,000 ", $-   ," $222,000,000 ",Consumer Discretionary,Broadcasting & Cable TV
1637,VIAB,Year 4,9/30/2016," $12,488,000,000 "," $6,684,000,000 "," $2,851,000,000 ", $-   ," $221,000,000 ",Consumer Discretionary,Broadcasting & Cable TV
1638,VLO,Year 1,12/31/2012," $138,393,000,000 "," $126,485,000,000 "," $5,229,000,000 ", $-   ," $1,549,000,000 ",Energy,Oil & Gas Refining & Marketing & Transportation
1639,VLO,Year 2,12/31/2013," $138,074,000,000 "," $127,316,000,000 "," $5,081,000,000 ", $-   ," $1,720,000,000 ",Energy,Oil & Gas Refining & Marketing & Transportation
1640,VLO,Year 3,12/31/2014," $130,844,000,000 "," $118,141,000,000 "," $5,111,000,000 ", $-   ," $1,690,000,000 ",Energy,Oil & Gas Refining & Marketing & Transportation
1641,VLO,Year 4,12/31/2015," $87,804,000,000 "," $74,651,000,000 "," $4,953,000,000 ", $-   ," $1,842,000,000 ",Energy,Oil & Gas Refining & Marketing & Transportation
1642,VMC,Year 1,12/31/2012," $2,567,310,000 "," $2,233,284,000 "," $308,143,000 ", $-   , $-   ,Materials,Construction Materials
1643,VMC,Year 2,12/31/2013," $2,770,709,000 "," $2,343,829,000 "," $274,217,000 ", $-   , $-   ,Materials,Construction Materials
1644,VMC,Year 3,12/31/2014," $2,994,169,000 "," $2,406,587,000 "," $292,358,000 ", $-   , $-   ,Materials,Construction Materials
1645,VMC,Year 4,12/31/2015," $3,422,181,000 "," $2,564,648,000 "," $312,694,000 ", $-   , $-   ,Materials,Construction Materials
1646,VNO,Year 1,12/31/2013," $2,299,176,000 "," $928,565,000 "," $177,366,000 "," $32,210,000 "," $461,627,000 ",Real Estate,REITs
1647,VNO,Year 2,12/31/2014," $2,312,512,000 "," $953,611,000 "," $169,270,000 ", $-   ," $481,303,000 ",Real Estate,REITs
1648,VNO,Year 3,12/31/2015," $2,502,267,000 "," $1,011,249,000 "," $175,307,000 ", $-   ," $542,952,000 ",Real Estate,REITs
1649,VNO,Year 4,12/31/2016," $2,506,202,000 "," $1,024,336,000 "," $179,279,000 ", $-   ," $565,059,000 ",Real Estate,REITs
1650,VRSK,Year 1,12/31/2012," $1,407,848,000 "," $516,708,000 "," $220,068,000 ", $-   ," $98,844,000 ",Industrials,Research & Consulting Services
1651,VRSK,Year 2,12/31/2013," $1,595,703,000 "," $622,523,000 "," $228,982,000 ", $-   ," $129,931,000 ",Industrials,Research & Consulting Services
1652,VRSK,Year 3,12/31/2014," $1,746,726,000 "," $716,598,000 "," $227,306,000 ", $-   ," $142,376,000 ",Industrials,Research & Consulting Services
1653,VRSK,Year 4,12/31/2015," $2,068,010,000 "," $803,274,000 "," $312,690,000 ", $-   ," $215,484,000 ",Industrials,Research & Consulting Services
1654,VRSN,Year 1,12/31/2012," $873,592,000 "," $167,600,000 "," $186,971,000 "," $61,694,000 ", $-   ,Information Technology,Internet Software & Services
1655,VRSN,Year 2,12/31/2013," $965,087,000 "," $187,013,000 "," $179,545,000 "," $70,297,000 ", $-   ,Information Technology,Internet Software & Services
1656,VRSN,Year 3,12/31/2014," $1,010,117,000 "," $188,425,000 "," $189,488,000 "," $67,777,000 ", $-   ,Information Technology,Internet Software & Services
1657,VRSN,Year 4,12/31/2015," $1,059,366,000 "," $192,788,000 "," $196,914,000 "," $63,718,000 ", $-   ,Information Technology,Internet Software & Services
1658,VRTX,Year 1,12/31/2012," $1,527,042,000 "," $279,885,000 "," $432,681,000 "," $765,905,000 ", $-   ,Health Care,Biotechnology
1659,VRTX,Year 2,12/31/2013," $1,211,975,000 "," $130,277,000 "," $356,188,000 "," $882,097,000 ", $-   ,Health Care,Biotechnology
1660,VRTX,Year 3,12/31/2014," $580,415,000 "," $60,987,000 "," $305,409,000 "," $855,506,000 ", $-   ,Health Care,Biotechnology
1661,VRTX,Year 4,12/31/2015," $1,032,336,000 "," $124,512,000 "," $376,575,000 "," $995,922,000 ", $-   ,Health Care,Biotechnology
1662,VTR,Year 1,12/31/2013," $2,514,595,000 "," $1,118,240,000 "," $132,447,000 ", $-   ," $629,908,000 ",Real Estate,REITs
1663,VTR,Year 2,12/31/2014," $2,772,550,000 "," $1,212,480,000 "," $147,481,000 ", $-   ," $725,216,000 ",Real Estate,REITs
1664,VTR,Year 3,12/31/2015," $3,285,346,000 "," $1,410,205,000 "," $145,992,000 ", $-   ," $894,057,000 ",Real Estate,REITs
1665,VTR,Year 4,12/31/2016," $3,442,646,000 "," $1,442,073,000 "," $136,863,000 ", $-   ," $898,924,000 ",Real Estate,REITs
1666,VZ,Year 1,12/31/2012," $115,846,000,000 "," $46,275,000,000 "," $39,951,000,000 ", $-   ," $16,460,000,000 ",Telecommunications Services,Integrated Telecommunications Services
1667,VZ,Year 2,12/31/2013," $120,550,000,000 "," $44,887,000,000 "," $27,089,000,000 ", $-   ," $16,606,000,000 ",Telecommunications Services,Integrated Telecommunications Services
1668,VZ,Year 3,12/31/2014," $127,079,000,000 "," $49,931,000,000 "," $41,016,000,000 ", $-   ," $16,533,000,000 ",Telecommunications Services,Integrated Telecommunications Services
1669,VZ,Year 4,12/31/2015," $131,620,000,000 "," $52,557,000,000 "," $29,986,000,000 ", $-   ," $16,017,000,000 ",Telecommunications Services,Integrated Telecommunications Services
1670,WAT,Year 1,12/31/2012," $1,843,641,000 "," $737,614,000 "," $477,270,000 "," $96,004,000 "," $13,829,000 ",Health Care,Health Care Distributors
1671,WAT,Year 2,12/31/2013," $1,904,218,000 "," $783,456,000 "," $492,965,000 "," $100,536,000 "," $9,918,000 ",Health Care,Health Care Distributors
1672,WAT,Year 3,12/31/2014," $1,989,344,000 "," $824,913,000 "," $512,707,000 "," $107,726,000 "," $10,634,000 ",Health Care,Health Care Distributors
1673,WAT,Year 4,12/31/2015," $2,042,332,000 "," $842,672,000 "," $495,747,000 "," $118,545,000 "," $10,123,000 ",Health Care,Health Care Distributors
1674,WDC,Year 1,6/28/2013," $15,351,000,000 "," $10,988,000,000 "," $1,525,000,000 "," $1,572,000,000 ", $-   ,Information Technology,Computer Storage & Peripherals
1675,WDC,Year 2,6/27/2014," $15,130,000,000 "," $10,770,000,000 "," $908,000,000 "," $1,661,000,000 ", $-   ,Information Technology,Computer Storage & Peripherals
1676,WDC,Year 3,7/3/2015," $14,572,000,000 "," $10,351,000,000 "," $964,000,000 "," $1,646,000,000 ", $-   ,Information Technology,Computer Storage & Peripherals
1677,WDC,Year 4,7/1/2016," $12,994,000,000 "," $9,559,000,000 "," $1,342,000,000 "," $1,627,000,000 ", $-   ,Information Technology,Computer Storage & Peripherals
1678,WEC,Year 1,12/31/2012," $4,246,400,000 "," $2,760,500,000 "," $121,400,000 ", $-   ," $364,200,000 ",Utilities,Electric Utilities
1679,WEC,Year 2,12/31/2013," $4,519,000,000 "," $2,982,100,000 "," $116,700,000 ", $-   ," $340,100,000 ",Utilities,Electric Utilities
1680,WEC,Year 3,12/31/2014," $4,997,100,000 "," $3,371,800,000 "," $121,800,000 ", $-   ," $391,400,000 ",Utilities,Electric Utilities
1681,WEC,Year 4,12/31/2015," $5,926,100,000 "," $3,949,400,000 "," $164,400,000 ", $-   ," $561,800,000 ",Utilities,Electric Utilities
1682,WFC,Year 1,12/31/2012," $91,247,000,000 "," $1,727,000,000 "," $48,724,000,000 ", $-   ," $8,891,000,000 ",Financials,Banks
1683,WFC,Year 2,12/31/2013," $88,069,000,000 "," $1,337,000,000 "," $47,338,000,000 ", $-   ," $3,813,000,000 ",Financials,Banks
1684,WFC,Year 3,12/31/2014," $88,372,000,000 "," $1,096,000,000 "," $47,667,000,000 ", $-   ," $2,765,000,000 ",Financials,Banks
1685,WFC,Year 4,12/31/2015," $90,033,000,000 "," $963,000,000 "," $48,728,000,000 ", $-   ," $3,688,000,000 ",Financials,Banks
1686,WFM,Year 1,9/29/2013," $12,917,000,000 "," $8,288,000,000 "," $3,682,000,000 ", $-   , $-   ,Consumer Staples,Food Retail
1687,WFM,Year 2,9/28/2014," $14,194,000,000 "," $9,150,000,000 "," $4,032,000,000 ", $-   , $-   ,Consumer Staples,Food Retail
1688,WFM,Year 3,9/27/2015," $15,389,000,000 "," $9,973,000,000 "," $4,472,000,000 ", $-   , $-   ,Consumer Staples,Food Retail
1689,WFM,Year 4,9/25/2016," $15,724,000,000 "," $10,313,000,000 "," $4,477,000,000 ", $-   , $-   ,Consumer Staples,Food Retail
1690,WHR,Year 1,12/31/2013," $18,769,000,000 "," $15,471,000,000 "," $1,828,000,000 ", $-   ," $25,000,000 ",Consumer Discretionary,Household Appliances
1691,WHR,Year 2,12/31/2014," $19,872,000,000 "," $16,477,000,000 "," $2,038,000,000 ", $-   ," $33,000,000 ",Consumer Discretionary,Household Appliances
1692,WHR,Year 3,12/31/2015," $20,891,000,000 "," $17,201,000,000 "," $2,130,000,000 ", $-   ," $74,000,000 ",Consumer Discretionary,Household Appliances
1693,WHR,Year 4,12/31/2016," $20,718,000,000 "," $17,036,000,000 "," $2,084,000,000 ", $-   ," $71,000,000 ",Consumer Discretionary,Household Appliances
1698,WM,Year 1,12/31/2013," $13,983,000,000 "," $9,112,000,000 "," $1,468,000,000 ", $-   ," $1,333,000,000 ",Industrials,Environmental Services
1699,WM,Year 2,12/31/2014," $13,996,000,000 "," $9,002,000,000 "," $1,481,000,000 ", $-   ," $1,292,000,000 ",Industrials,Environmental Services
1700,WM,Year 3,12/31/2015," $12,961,000,000 "," $8,231,000,000 "," $1,343,000,000 ", $-   ," $1,245,000,000 ",Industrials,Environmental Services
1701,WM,Year 4,12/31/2016," $13,609,000,000 "," $8,486,000,000 "," $1,410,000,000 ", $-   ," $1,301,000,000 ",Industrials,Environmental Services
1702,WMB,Year 1,12/31/2012," $7,486,000,000 "," $4,523,000,000 "," $595,000,000 ", $-   ," $756,000,000 ",Energy,Oil & Gas Exploration & Production
1703,WMB,Year 2,12/31/2013," $6,860,000,000 "," $4,124,000,000 "," $546,000,000 ", $-   ," $815,000,000 ",Energy,Oil & Gas Exploration & Production
1704,WMB,Year 3,12/31/2014," $7,637,000,000 "," $4,508,000,000 "," $384,000,000 ", $-   ," $1,176,000,000 ",Energy,Oil & Gas Exploration & Production
1705,WMB,Year 4,12/31/2015," $7,360,000,000 "," $3,434,000,000 "," $864,000,000 ", $-   ," $1,738,000,000 ",Energy,Oil & Gas Exploration & Production
1706,WMT,Year 1,1/31/2013," $468,651,000,000 "," $352,297,000,000 "," $88,629,000,000 ", $-   , $-   ,Consumer Staples,Hypermarkets & Super Centers
1707,WMT,Year 2,1/31/2014," $476,294,000,000 "," $358,069,000,000 "," $91,353,000,000 ", $-   , $-   ,Consumer Staples,Hypermarkets & Super Centers
1708,WMT,Year 3,1/31/2015," $485,651,000,000 "," $365,086,000,000 "," $93,418,000,000 ", $-   , $-   ,Consumer Staples,Hypermarkets & Super Centers
1709,WMT,Year 4,1/31/2016," $482,130,000,000 "," $360,984,000,000 "," $97,041,000,000 ", $-   , $-   ,Consumer Staples,Hypermarkets & Super Centers
1710,WRK,Year 1,9/30/2014," $9,895,100,000 "," $7,961,500,000 "," $937,600,000 ", $-   ," $86,000,000 ",Materials,Paper Packaging
1711,WRK,Year 2,9/30/2015," $11,124,800,000 "," $8,986,500,000 "," $1,026,100,000 ", $-   ," $118,900,000 ",Materials,Paper Packaging
1712,WRK,Year 3,9/30/2016," $14,171,800,000 "," $11,413,200,000 "," $1,750,100,000 ", $-   ," $211,800,000 ",Materials,Paper Packaging
1713,WU,Year 1,12/31/2012," $5,664,800,000 "," $3,194,200,000 "," $1,140,600,000 ", $-   , $-   ,Information Technology,Internet Software & Services
1714,WU,Year 2,12/31/2013," $5,542,000,000 "," $3,235,000,000 "," $1,199,600,000 ", $-   , $-   ,Information Technology,Internet Software & Services
1715,WU,Year 3,12/31/2014," $5,607,200,000 "," $3,297,400,000 "," $1,169,300,000 ", $-   , $-   ,Information Technology,Internet Software & Services
1716,WU,Year 4,12/31/2015," $5,483,700,000 "," $3,199,400,000 "," $1,174,900,000 ", $-   , $-   ,Information Technology,Internet Software & Services
1717,WY,Year 1,12/31/2012," $5,989,000,000 "," $4,993,000,000 "," $320,000,000 "," $32,000,000 ", $-   ,Real Estate,REITs
1718,WY,Year 2,12/31/2013," $7,254,000,000 "," $5,716,000,000 "," $494,000,000 "," $33,000,000 ", $-   ,Real Estate,REITs
1719,WY,Year 3,12/31/2014," $7,403,000,000 "," $5,763,000,000 "," $249,000,000 "," $27,000,000 ", $-   ,Real Estate,REITs
1720,WY,Year 4,12/31/2015," $7,082,000,000 "," $5,694,000,000 "," $420,000,000 "," $24,000,000 ", $-   ,Real Estate,REITs
1721,WYN,Year 1,12/31/2012," $4,534,000,000 "," $2,093,000,000 "," $1,389,000,000 ", $-   ," $185,000,000 ",Consumer Discretionary,"Hotels, Resorts & Cruise Lines"
1722,WYN,Year 2,12/31/2013," $5,009,000,000 "," $2,394,000,000 "," $1,471,000,000 ", $-   ," $216,000,000 ",Consumer Discretionary,"Hotels, Resorts & Cruise Lines"
1723,WYN,Year 3,12/31/2014," $5,281,000,000 "," $2,504,000,000 "," $1,557,000,000 ", $-   ," $233,000,000 ",Consumer Discretionary,"Hotels, Resorts & Cruise Lines"
1724,WYN,Year 4,12/31/2015," $5,536,000,000 "," $2,700,000,000 "," $1,574,000,000 ", $-   ," $234,000,000 ",Consumer Discretionary,"Hotels, Resorts & Cruise Lines"
1725,WYNN,Year 1,12/31/2012," $5,154,284,000 "," $3,251,575,000 "," $481,677,000 ", $-   ," $373,199,000 ",Consumer Discretionary,Casinos & Gaming
1726,WYNN,Year 2,12/31/2013," $5,620,936,000 "," $3,478,822,000 "," $465,926,000 ", $-   ," $371,051,000 ",Consumer Discretionary,Casinos & Gaming
1727,WYNN,Year 3,12/31/2014," $5,433,661,000 "," $3,316,311,000 "," $502,901,000 ", $-   ," $314,119,000 ",Consumer Discretionary,Casinos & Gaming
1728,WYNN,Year 4,12/31/2015," $4,075,883,000 "," $2,530,374,000 "," $475,328,000 ", $-   ," $322,629,000 ",Consumer Discretionary,Casinos & Gaming
1729,XEC,Year 1,12/31/2012," $1,623,938,000 "," $337,903,000 "," $188,302,000 ", $-   ," $513,916,000 ",Energy,Oil & Gas Exploration & Production
1730,XEC,Year 2,12/31/2013," $1,998,051,000 "," $406,198,000 "," $72,143,000 ", $-   ," $615,874,000 ",Energy,Oil & Gas Exploration & Production
1731,XEC,Year 3,12/31/2014," $2,424,176,000 "," $572,831,000 "," $225,070,000 ", $-   ," $806,021,000 ",Energy,Oil & Gas Exploration & Production
1732,XEC,Year 4,12/31/2015," $1,452,619,000 "," $519,874,000 "," $179,867,000 ", $-   ," $778,923,000 ",Energy,Oil & Gas Exploration & Production
1733,XEL,Year 1,12/31/2012," $10,128,223,000 "," $6,710,036,000 "," $669,451,000 ", $-   ," $926,053,000 ",Utilities,MultiUtilities
1734,XEL,Year 2,12/31/2013," $10,914,922,000 "," $7,408,278,000 "," $681,226,000 ", $-   ," $977,863,000 ",Utilities,MultiUtilities
1735,XEL,Year 3,12/31/2014," $11,686,135,000 "," $7,951,352,000 "," $767,608,000 ", $-   ," $1,019,045,000 ",Utilities,MultiUtilities
1736,XEL,Year 4,12/31/2015," $11,024,486,000 "," $7,033,633,000 "," $865,817,000 ", $-   ," $1,124,524,000 ",Utilities,MultiUtilities
1737,XL,Year 1,12/31/2012," $7,232,397,000 "," $5,165,169,000 ", $-   , $-   ," $1,173,955,000 ",Financials,Property & Casualty Insurance
1738,XL,Year 2,12/31/2013," $7,541,234,000 "," $5,106,489,000 ", $-   , $-   ," $1,213,178,000 ",Financials,Property & Casualty Insurance
1739,XL,Year 3,12/31/2014," $6,602,267,000 "," $4,239,474,000 ", $-   , $-   ," $1,341,315,000 ",Financials,Property & Casualty Insurance
1740,XL,Year 4,12/31/2015," $9,308,926,000 "," $6,199,645,000 ", $-   , $-   ," $1,966,939,000 ",Financials,Property & Casualty Insurance
1741,XLNX,Year 1,3/30/2013," $2,168,652,000 "," $737,206,000 "," $365,684,000 "," $475,522,000 "," $9,508,000 ",Information Technology,Semiconductors
1742,XLNX,Year 2,3/29/2014," $2,382,531,000 "," $743,253,000 "," $378,607,000 "," $492,447,000 "," $9,887,000 ",Information Technology,Semiconductors
1743,XLNX,Year 3,3/28/2015," $2,377,344,000 "," $708,823,000 "," $353,670,000 "," $525,745,000 "," $9,537,000 ",Information Technology,Semiconductors
1744,XLNX,Year 4,4/2/2016," $2,213,881,000 "," $671,907,000 "," $331,652,000 "," $533,891,000 "," $6,550,000 ",Information Technology,Semiconductors
1745,XOM,Year 1,12/31/2012," $451,509,000,000 "," $302,056,000,000 "," $81,844,000,000 ", $-   ," $15,888,000,000 ",Energy,Integrated Oil & Gas
1746,XOM,Year 2,12/31/2013," $420,836,000,000 "," $284,681,000,000 "," $76,696,000,000 ", $-   ," $17,182,000,000 ",Energy,Integrated Oil & Gas
1747,XOM,Year 3,12/31/2014," $394,105,000,000 "," $266,831,000,000 "," $74,226,000,000 ", $-   ," $17,297,000,000 ",Energy,Integrated Oil & Gas
1748,XOM,Year 4,12/31/2015," $259,488,000,000 "," $165,590,000,000 "," $61,444,000,000 ", $-   ," $18,048,000,000 ",Energy,Integrated Oil & Gas
1749,XRAY,Year 1,12/31/2012," $2,928,429,000 "," $1,372,042,000 "," $1,148,731,000 ", $-   , $-   ,Health Care,Health Care Supplies
1750,XRAY,Year 2,12/31/2013," $2,950,800,000 "," $1,373,400,000 "," $1,144,800,000 ", $-   , $-   ,Health Care,Health Care Supplies
1751,XRAY,Year 3,12/31/2014," $2,922,600,000 "," $1,322,800,000 "," $1,143,100,000 ", $-   , $-   ,Health Care,Health Care Supplies
1752,XRAY,Year 4,12/31/2015," $2,674,300,000 "," $1,157,100,000 "," $1,077,300,000 ", $-   , $-   ,Health Care,Health Care Supplies
1753,XRX,Year 1,12/31/2012," $20,421,000,000 "," $13,634,000,000 "," $4,398,000,000 "," $655,000,000 "," $301,000,000 ",Information Technology,IT Consulting & Other Services
1754,XRX,Year 2,12/31/2013," $20,006,000,000 "," $13,521,000,000 "," $4,219,000,000 "," $603,000,000 "," $305,000,000 ",Information Technology,IT Consulting & Other Services
1755,XRX,Year 3,12/31/2014," $19,540,000,000 "," $13,294,000,000 "," $4,020,000,000 "," $577,000,000 "," $315,000,000 ",Information Technology,IT Consulting & Other Services
1756,XRX,Year 4,12/31/2015," $18,045,000,000 "," $12,782,000,000 "," $3,792,000,000 "," $563,000,000 "," $310,000,000 ",Information Technology,IT Consulting & Other Services
1757,XYL,Year 1,12/31/2012," $3,791,000,000 "," $2,289,000,000 "," $936,000,000 "," $106,000,000 ", $-   ,Industrials,Industrial Conglomerates
1758,XYL,Year 2,12/31/2013," $3,837,000,000 "," $2,338,000,000 "," $990,000,000 "," $104,000,000 ", $-   ,Industrials,Industrial Conglomerates
1759,XYL,Year 3,12/31/2014," $3,916,000,000 "," $2,403,000,000 "," $920,000,000 "," $104,000,000 ", $-   ,Industrials,Industrial Conglomerates
1760,XYL,Year 4,12/31/2015," $3,653,000,000 "," $2,249,000,000 "," $854,000,000 "," $95,000,000 ", $-   ,Industrials,Industrial Conglomerates
1761,YHOO,Year 1,12/31/2012," $4,986,566,000 "," $1,620,566,000 "," $1,641,819,000 "," $885,824,000 "," $35,819,000 ",Information Technology,Internet Software & Services
1762,YHOO,Year 2,12/31/2013," $4,680,380,000 "," $1,349,380,000 "," $1,751,275,000 "," $957,587,000 "," $44,841,000 ",Information Technology,Internet Software & Services
1763,YHOO,Year 3,12/31/2014," $4,618,133,000 "," $1,387,375,000 "," $1,770,710,000 "," $1,156,386,000 "," $66,750,000 ",Information Technology,Internet Software & Services
1764,YHOO,Year 4,12/31/2015," $4,968,301,000 "," $2,077,748,000 "," $1,768,522,000 "," $1,177,923,000 "," $79,042,000 ",Information Technology,Internet Software & Services
1765,YUM,Year 1,12/29/2012," $13,633,000,000 "," $9,852,000,000 "," $1,450,000,000 ", $-   , $-   ,Consumer Discretionary,Restaurants
1766,YUM,Year 2,12/28/2013," $13,084,000,000 "," $9,501,000,000 "," $1,454,000,000 ", $-   , $-   ,Consumer Discretionary,Restaurants
1767,YUM,Year 3,12/27/2014," $13,279,000,000 "," $9,682,000,000 "," $1,505,000,000 ", $-   , $-   ,Consumer Discretionary,Restaurants
1768,YUM,Year 4,12/26/2015," $13,105,000,000 "," $9,359,000,000 "," $1,746,000,000 ", $-   , $-   ,Consumer Discretionary,Restaurants
1769,ZBH,Year 1,12/31/2012," $4,471,700,000 "," $1,125,200,000 "," $1,822,100,000 "," $225,600,000 ", $-   ,Health Care,Health Care Equipment
1770,ZBH,Year 2,12/31/2013," $4,623,400,000 "," $1,266,700,000 "," $1,796,300,000 "," $203,000,000 "," $78,500,000 ",Health Care,Health Care Equipment
1771,ZBH,Year 3,12/31/2014," $4,673,300,000 "," $1,242,800,000 "," $1,772,200,000 "," $187,400,000 "," $92,500,000 ",Health Care,Health Care Equipment
1772,ZBH,Year 4,12/31/2015," $5,997,800,000 "," $1,800,600,000 "," $2,291,900,000 "," $268,800,000 "," $337,400,000 ",Health Care,Health Care Equipment
1773,ZION,Year 1,12/31/2012," $2,458,592,000 "," $80,146,000 "," $1,579,007,000 ", $-   ," $31,237,000 ",Financials,Regional Banks
1774,ZION,Year 2,12/31/2013," $2,278,812,000 "," $58,913,000 "," $1,700,064,000 ", $-   ," $(72,761,000)",Financials,Regional Banks
1775,ZION,Year 3,12/31/2014," $2,361,631,000 "," $49,736,000 "," $1,654,369,000 ", $-   ," $(87,159,000)",Financials,Regional Banks
1776,ZION,Year 4,12/31/2015," $2,210,591,000 "," $49,344,000 "," $1,591,239,000 ", $-   ," $49,282,000 ",Financials,Regional Banks
1777,ZTS,Year 1,12/31/2013," $4,561,000,000 "," $1,669,000,000 "," $1,613,000,000 "," $399,000,000 "," $60,000,000 ",Health Care,Pharmaceuticals
1778,ZTS,Year 2,12/31/2014," $4,785,000,000 "," $1,717,000,000 "," $1,643,000,000 "," $396,000,000 "," $60,000,000 ",Health Care,Pharmaceuticals
1779,ZTS,Year 3,12/31/2015," $4,765,000,000 "," $1,738,000,000 "," $1,532,000,000 "," $364,000,000 "," $61,000,000 ",Health Care,Pharmaceuticals
1780,ZTS,Year 4,12/31/2016," $4,888,000,000 "," $1,666,000,000 "," $1,364,000,000 "," $376,000,000 "," $85,000,000 ",Health Care,Pharmaceuticals
